<?xml version="1.0" encoding="UTF-8"?>
<!DOCTYPE html PUBLIC "-//W3C//DTD XHTML 1.0 Transitional//EN"
    "http://www.w3.org/TR/xhtml1/DTD/xhtml1-transitional.dtd">
<html xmlns="http://www.w3.org/1999/xhtml" xml:lang="en" lang="en">
 <head>
  <title>
</title>
<meta http-equiv="Content-Type" content="text/html;charset=utf-8" />
  <meta name='ocr-system' content='tesseract 3.04.00' />
  <meta name='ocr-capabilities' content='ocr_page ocr_carea ocr_par ocr_line ocrx_word'/>
</head>
<body>
  <div class='ocr_page' id='page_1' title='image "./letterstoatticu00winsgoog_0323.png"; bbox 0 0 2526 3850; ppageno 0'>
   <div class='ocr_carea' id='block_1_1' title="bbox 460 289 1005 351">
    <p class='ocr_par' dir='ltr' id='par_1_1' title="bbox 460 289 1005 351">
     <span class='ocr_line' id='line_1_1' title="bbox 460 289 1005 351; baseline -0.004 0"><span class='ocrx_word' id='word_1_1' title='bbox 460 292 629 351; x_wconf 80' lang='lat' dir='ltr'>MARCUS</span> <span class='ocrx_word' id='word_1_2' title='bbox 650 289 833 350; x_wconf 88' lang='lat' dir='ltr'>TULLIUS</span> <span class='ocrx_word' id='word_1_3' title='bbox 854 289 1005 349; x_wconf 85' lang='lat' dir='ltr'>CICERO</span> 
     </span>
    </p>
   </div>
   <div class='ocr_carea' id='block_1_2' title="bbox 280 406 1186 1728">
    <p class='ocr_par' dir='ltr' id='par_1_2' title="bbox 282 406 1186 581">
     <span class='ocr_line' id='line_1_2' title="bbox 283 406 1186 485; baseline -0.003 -12"><span class='ocrx_word' id='word_1_4' title='bbox 283 434 429 485; x_wconf 75' lang='lat' dir='ltr'>cognosse</span> <span class='ocrx_word' id='word_1_5' title='bbox 451 406 501 473; x_wconf 71' lang='lat' dir='ltr'>etl</span> <span class='ocrx_word' id='word_1_6' title='bbox 522 409 608 472; x_wconf 70' lang='lat' dir='ltr'>suam</span> <span class='ocrx_word' id='word_1_7' title='bbox 628 414 712 471; x_wconf 82' lang='lat' dir='ltr'>illam</span> <span class='ocrx_word' id='word_1_8' title='bbox 733 418 766 470; x_wconf 90' lang='lat' dir='ltr'>in</span> <span class='ocrx_word' id='word_1_9' title='bbox 786 433 856 470; x_wconf 77' lang='lat' dir='ltr'>meo</span> <span class='ocrx_word' id='word_1_10' title='bbox 876 412 981 471; x_wconf 85' lang='lat' dir='ltr'>dolore</span> <span class='ocrx_word' id='word_1_11' title='bbox 999 410 1186 482; x_wconf 71' lang='grc' dir='ltr'>συμπάθειαν</span> 
     </span>
     <span class='ocr_line' id='line_1_3' title="bbox 282 507 1182 581; baseline -0.002 -13"><span class='ocrx_word' id='word_1_12' title='bbox 282 530 384 581; x_wconf 89' lang='lat' dir='ltr'>neque</span> <span class='ocrx_word' id='word_1_13' title='bbox 394 517 462 567; x_wconf 91' lang='lat' dir='ltr'>tum</span> <span class='ocrx_word' id='word_1_14' title='bbox 472 510 548 567; x_wconf 91' lang='lat' dir='ltr'>mihi</span> <span class='ocrx_word' id='word_1_15' title='bbox 558 511 718 568; x_wconf 82' lang='lat' dir='ltr'>obscuram</span> <span class='ocrx_word' id='word_1_16' title='bbox 726 529 827 580; x_wconf 91' lang='lat' dir='ltr'>neque</span> <span class='ocrx_word' id='word_1_17' title='bbox 837 516 908 581; x_wconf 90' lang='lat' dir='ltr'>post</span> <span class='ocrx_word' id='word_1_18' title='bbox 917 513 1070 579; x_wconf 77' lang='lat' dir='ltr'>ingratam</span> <span class='ocrx_word' id='word_1_19' title='bbox 1077 507 1182 566; x_wconf 79' lang='lat' dir='ltr'>fuisse.</span> 
     </span>
    </p>

    <p class='ocr_par' dir='ltr' id='par_1_3' title="bbox 280 603 1183 1536">
     <span class='ocr_line' id='line_1_4' title="bbox 325 603 1183 677; baseline 0 -15"><span class='ocrx_word' id='word_1_20' title='bbox 325 604 390 664; x_wconf 91' lang='lat' dir='ltr'>lter</span> <span class='ocrx_word' id='word_1_21' title='bbox 400 606 569 664; x_wconf 82' lang='lat' dir='ltr'>Asiaticum</span> <span class='ocrx_word' id='word_1_22' title='bbox 579 613 667 663; x_wconf 88' lang='lat' dir='ltr'>tuum</span> <span class='ocrx_word' id='word_1_23' title='bbox 677 612 753 677; x_wconf 85' lang='lat' dir='ltr'>puto</span> <span class='ocrx_word' id='word_1_24' title='bbox 762 605 820 662; x_wconf 88' lang='lat' dir='ltr'>tibi</span> <span class='ocrx_word' id='word_1_25' title='bbox 831 604 1057 675; x_wconf 88' lang='lat' dir='ltr'>suscipiendum</span> <span class='ocrx_word' id='word_1_26' title='bbox 1070 603 1183 672; x_wconf 77' lang='lat' dir='ltr'>fuisse3</span> 
     </span>
     <span class='ocr_line' id='line_1_5' title="bbox 282 698 1183 772; baseline -0.004 -13"><span class='ocrx_word' id='word_1_27' title='bbox 282 721 448 772; x_wconf 79' lang='lat' dir='ltr'><strong>numquam</strong></span> <span class='ocrx_word' id='word_1_28' title='bbox 463 705 547 759; x_wconf 92' lang='lat' dir='ltr'>enim</span> <span class='ocrx_word' id='word_1_29' title='bbox 560 709 595 760; x_wconf 89' lang='lat' dir='ltr'>tu</span> <span class='ocrx_word' id='word_1_30' title='bbox 610 706 676 759; x_wconf 89' lang='lat' dir='ltr'>sine</span> <span class='ocrx_word' id='word_1_31' title='bbox 690 704 853 758; x_wconf 87' lang='lat' dir='ltr'>iustissima</span> <span class='ocrx_word' id='word_1_32' title='bbox 869 719 959 759; x_wconf 87' lang='lat' dir='ltr'>causa</span> <span class='ocrx_word' id='word_1_33' title='bbox 974 707 1039 757; x_wconf 82' lang='lat' dir='ltr'>tarn</span> <span class='ocrx_word' id='word_1_34' title='bbox 1055 698 1149 770; x_wconf 83' lang='lat' dir='ltr'>longe</span> <span class='ocrx_word' id='word_1_35' title='bbox 1163 719 1183 755; x_wconf 88' lang='lat' dir='ltr'>a</span> 
     </span>
     <span class='ocr_line' id='line_1_6' title="bbox 282 797 1181 861; baseline -0.004 -6"><span class='ocrx_word' id='word_1_36' title='bbox 282 804 331 855; x_wconf 80' lang='lat' dir='ltr'>tot</span> <span class='ocrx_word' id='word_1_37' title='bbox 344 801 405 855; x_wconf 88' lang='lat' dir='ltr'>tuis</span> <span class='ocrx_word' id='word_1_38' title='bbox 421 803 455 855; x_wconf 90' lang='lat' dir='ltr'>et</span> <span class='ocrx_word' id='word_1_39' title='bbox 471 797 644 855; x_wconf 89' lang='lat' dir='ltr'>hominibus</span> <span class='ocrx_word' id='word_1_40' title='bbox 661 804 694 855; x_wconf 89' lang='lat' dir='ltr'>et</span> <span class='ocrx_word' id='word_1_41' title='bbox 709 797 800 855; x_wconf 89' lang='lat' dir='ltr'>rebus</span> <span class='ocrx_word' id='word_1_42' title='bbox 816 799 978 861; x_wconf 72' lang='lat' dir='ltr'>carissimis</span> <span class='ocrx_word' id='word_1_43' title='bbox 992 802 1027 853; x_wconf 90' lang='lat' dir='ltr'>et</span> <span class='ocrx_word' id='word_1_44' title='bbox 1042 799 1181 852; x_wconf 84' lang='lat' dir='ltr'>suavissi-</span> 
     </span>
     <span class='ocr_line' id='line_1_7' title="bbox 282 892 1180 951; baseline -0.003 -1"><span class='ocrx_word' id='word_1_45' title='bbox 282 897 340 950; x_wconf 83' lang='lat' dir='ltr'>mis</span> <span class='ocrx_word' id='word_1_46' title='bbox 353 893 459 950; x_wconf 87' lang='lat' dir='ltr'>abesse</span> <span class='ocrx_word' id='word_1_47' title='bbox 473 892 625 950; x_wconf 85' lang='lat' dir='ltr'>voluisses.</span> <span class='ocrx_word' id='word_1_48' title='bbox 670 892 733 951; x_wconf 85' lang='lat' dir='ltr'>Sed</span> <span class='ocrx_word' id='word_1_49' title='bbox 750 892 974 949; x_wconf 76' lang='lat' dir='ltr'>humanitatem</span> <span class='ocrx_word' id='word_1_50' title='bbox 992 899 1079 948; x_wconf 90' lang='lat' dir='ltr'>tuam</span> <span class='ocrx_word' id='word_1_51' title='bbox 1096 910 1180 947; x_wconf 87' lang='lat' dir='ltr'>amo-</span> 
     </span>
     <span class='ocr_line' id='line_1_8' title="bbox 282 985 1182 1059; baseline -0.001 -15"><span class='ocrx_word' id='word_1_52' title='bbox 282 1007 408 1059; x_wconf 87' lang='lat' dir='ltr'>remque</span> <span class='ocrx_word' id='word_1_53' title='bbox 434 992 468 1046; x_wconf 92' lang='lat' dir='ltr'>in</span> <span class='ocrx_word' id='word_1_54' title='bbox 496 995 565 1046; x_wconf 89' lang='lat' dir='ltr'>tuos</span> <span class='ocrx_word' id='word_1_55' title='bbox 593 988 709 1045; x_wconf 86' lang='lat' dir='ltr'>reditus</span> <span class='ocrx_word' id='word_1_56' title='bbox 734 987 874 1045; x_wconf 85' lang='lat' dir='ltr'>celeritas</span> <span class='ocrx_word' id='word_1_57' title='bbox 897 986 1073 1045; x_wconf 79' lang='lat' dir='ltr'>declarabit</span> <span class='ocrx_word' id='word_1_58' title='bbox 1117 985 1182 1044; x_wconf 88' lang='lat' dir='ltr'>Sed</span> 
     </span>
     <span class='ocr_line' id='line_1_9' title="bbox 281 1072 1181 1155; baseline -0.001 -14"><span class='ocrx_word' id='word_1_59' title='bbox 281 1080 396 1155; x_wconf 79' lang='lat' dir='ltr'>vereor,</span> <span class='ocrx_word' id='word_1_60' title='bbox 411 1103 451 1141; x_wconf 89' lang='lat' dir='ltr'>ne</span> <span class='ocrx_word' id='word_1_61' title='bbox 465 1083 569 1155; x_wconf 90' lang='lat' dir='ltr'>lepore</span> <span class='ocrx_word' id='word_1_62' title='bbox 580 1103 635 1141; x_wconf 95' lang='lat' dir='ltr'>suo</span> <span class='ocrx_word' id='word_1_63' title='bbox 645 1084 785 1141; x_wconf 88' lang='lat' dir='ltr'>detineat</span> <span class='ocrx_word' id='word_1_64' title='bbox 794 1082 909 1141; x_wconf 91' lang='lat' dir='ltr'>diutius</span> <span class='ocrx_word' id='word_1_65' title='bbox 919 1072 1042 1140; x_wconf 78' lang='lat' dir='ltr'>rhetor²</span> <span class='ocrx_word' id='word_1_66' title='bbox 1056 1081 1181 1140; x_wconf 88' lang='lat' dir='ltr'>Clodius</span> 
     </span>
     <span class='ocr_line' id='line_1_10' title="bbox 281 1177 1180 1250; baseline -0.003 -13"><span class='ocrx_word' id='word_1_67' title='bbox 281 1187 315 1237; x_wconf 90' lang='lat' dir='ltr'>et</span> <span class='ocrx_word' id='word_1_68' title='bbox 327 1179 420 1237; x_wconf 92' lang='lat' dir='ltr'>homo</span> <span class='ocrx_word' id='word_1_69' title='bbox 433 1179 635 1250; x_wconf 86' lang='lat' dir='ltr'>pereruditus,</span> <span class='ocrx_word' id='word_1_70' title='bbox 649 1186 686 1236; x_wconf 89' lang='lat' dir='ltr'>ut</span> <span class='ocrx_word' id='word_1_71' title='bbox 699 1183 795 1249; x_wconf 90' lang='lat' dir='ltr'>aiunt,</span> <span class='ocrx_word' id='word_1_72' title='bbox 810 1184 843 1236; x_wconf 90' lang='lat' dir='ltr'>et</span> <span class='ocrx_word' id='word_1_73' title='bbox 856 1198 939 1235; x_wconf 89' lang='lat' dir='ltr'>nuuc</span> <span class='ocrx_word' id='word_1_74' title='bbox 953 1177 1078 1248; x_wconf 90' lang='lat' dir='ltr'>quidem</span> <span class='ocrx_word' id='word_1_75' title='bbox 1092 1177 1180 1236; x_wconf 89' lang='lat' dir='ltr'>dedi-</span> 
     </span>
     <span class='ocr_line' id='line_1_11' title="bbox 280 1273 1179 1345; baseline -0.001 -12"><span class='ocrx_word' id='word_1_76' title='bbox 280 1282 331 1333; x_wconf 88' lang='lat' dir='ltr'>tus</span> <span class='ocrx_word' id='word_1_77' title='bbox 346 1275 470 1333; x_wconf 86' lang='lat' dir='ltr'>Graecis</span> <span class='ocrx_word' id='word_1_78' title='bbox 484 1274 595 1332; x_wconf 87' lang='lat' dir='ltr'>litteris</span> <span class='ocrx_word' id='word_1_79' title='bbox 611 1274 775 1331; x_wconf 86' lang='lat' dir='ltr'>Pituanius.</span> <span class='ocrx_word' id='word_1_80' title='bbox 820 1273 893 1344; x_wconf 89' lang='lat' dir='ltr'>Sed,</span> <span class='ocrx_word' id='word_1_81' title='bbox 903 1278 929 1331; x_wconf 89' lang='lat' dir='ltr'>si</span> <span class='ocrx_word' id='word_1_82' title='bbox 939 1278 984 1331; x_wconf 87' lang='lat' dir='ltr'>vis</span> <span class='ocrx_word' id='word_1_83' title='bbox 997 1273 1090 1331; x_wconf 91' lang='lat' dir='ltr'>homo</span> <span class='ocrx_word' id='word_1_84' title='bbox 1101 1293 1179 1345; x_wconf 90' lang='lat' dir='ltr'>esse,</span> 
     </span>
     <span class='ocr_line' id='line_1_12' title="bbox 280 1369 1180 1452; baseline 0.001 -25"><span class='ocrx_word' id='word_1_85' title='bbox 280 1375 382 1442; x_wconf 87' lang='lat' dir='ltr'>recipe</span> <span class='ocrx_word' id='word_1_86' title='bbox 396 1378 430 1428; x_wconf 87' lang='lat' dir='ltr'>te</span> <span class='ocrx_word' id='word_1_87' title='bbox 443 1370 484 1428; x_wconf 89' lang='lat' dir='ltr'>ad</span> <span class='ocrx_word' id='word_1_88' title='bbox 496 1389 562 1441; x_wconf 80' lang='lat' dir='ltr'>noa,</span> <span class='ocrx_word' id='word_1_89' title='bbox 577 1370 616 1428; x_wconf 88' lang='lat' dir='ltr'>ad</span> <span class='ocrx_word' id='word_1_90' title='bbox 630 1369 713 1441; x_wconf 90' lang='lat' dir='ltr'>quod</span> <span class='ocrx_word' id='word_1_91' title='bbox 726 1377 848 1441; x_wconf 89' lang='lat' dir='ltr'>tempus</span> <span class='ocrx_word' id='word_1_92' title='bbox 865 1369 1056 1428; x_wconf 86' lang='lat' dir='ltr'>coufirmasti.</span> <span class='ocrx_word' id='word_1_93' title='bbox 1101 1369 1180 1452; x_wconf 83' lang='lat' dir='ltr'>Cum</span> 
     </span>
     <span class='ocr_line' id='line_1_13' title="bbox 280 1465 1177 1536; baseline 0 -13"><span class='ocrx_word' id='word_1_94' title='bbox 280 1465 340 1523; x_wconf 90' lang='lat' dir='ltr'>illis</span> <span class='ocrx_word' id='word_1_95' title='bbox 353 1473 468 1536; x_wconf 86' lang='lat' dir='ltr'>tamen,</span> <span class='ocrx_word' id='word_1_96' title='bbox 483 1485 553 1522; x_wconf 92' lang='lat' dir='ltr'>cum</span> <span class='ocrx_word' id='word_1_97' title='bbox 567 1465 641 1523; x_wconf 89' lang='lat' dir='ltr'>salvi</span> <span class='ocrx_word' id='word_1_98' title='bbox 654 1470 806 1536; x_wconf 85' lang='lat' dir='ltr'>venerint,</span> <span class='ocrx_word' id='word_1_99' title='bbox 819 1465 932 1523; x_wconf 85' lang='lat' dir='ltr'>Romae</span> <span class='ocrx_word' id='word_1_100' title='bbox 946 1470 1048 1523; x_wconf 90' lang='lat' dir='ltr'>vivere</span> <span class='ocrx_word' id='word_1_101' title='bbox 1061 1465 1177 1523; x_wconf 79' lang='lat' dir='ltr'>licebit</span> 
     </span>
    </p>

    <p class='ocr_par' dir='ltr' id='par_1_4' title="bbox 280 1561 1178 1728">
     <span class='ocr_line' id='line_1_14' title="bbox 322 1561 1176 1632; baseline 0.002 -15"><span class='ocrx_word' id='word_1_102' title='bbox 322 1561 423 1619; x_wconf 86' lang='lat' dir='ltr'>Avere</span> <span class='ocrx_word' id='word_1_103' title='bbox 437 1568 470 1619; x_wconf 92' lang='lat' dir='ltr'>te</span> <span class='ocrx_word' id='word_1_104' title='bbox 484 1561 590 1619; x_wconf 86' lang='lat' dir='ltr'>scribis</span> <span class='ocrx_word' id='word_1_105' title='bbox 603 1565 741 1632; x_wconf 88' lang='lat' dir='ltr'>accipere</span> <span class='ocrx_word' id='word_1_106' title='bbox 755 1561 870 1632; x_wconf 88' lang='lat' dir='ltr'>aliquid</span> <span class='ocrx_word' id='word_1_107' title='bbox 887 1581 907 1617; x_wconf 90' lang='lat' dir='ltr'>a</span> <span class='ocrx_word' id='word_1_108' title='bbox 925 1581 976 1619; x_wconf 90' lang='lat' dir='ltr'>me</span> <span class='ocrx_word' id='word_1_109' title='bbox 994 1561 1176 1620; x_wconf 86' lang='lat' dir='ltr'>litterarum.</span> 
     </span>
     <span class='ocr_line' id='line_1_15' title="bbox 280 1655 1178 1728; baseline 0.001 -14"><span class='ocrx_word' id='word_1_110' title='bbox 280 1656 362 1714; x_wconf 92' lang='lat' dir='ltr'>Dedi</span> <span class='ocrx_word' id='word_1_111' title='bbox 386 1677 422 1715; x_wconf 90' lang='lat' dir='ltr'>ac</span> <span class='ocrx_word' id='word_1_112' title='bbox 442 1655 547 1714; x_wconf 85' lang='lat' dir='ltr'>multis</span> <span class='ocrx_word' id='word_1_113' title='bbox 568 1656 694 1728; x_wconf 91' lang='lat' dir='ltr'>quidem</span> <span class='ocrx_word' id='word_1_114' title='bbox 718 1656 758 1715; x_wconf 91' lang='lat' dir='ltr'>de</span> <span class='ocrx_word' id='word_1_115' title='bbox 783 1657 874 1715; x_wconf 87' lang='lat' dir='ltr'>rebus</span> <span class='ocrx_word' id='word_1_116' title='bbox 894 1655 1088 1728; x_wconf 70' lang='grc' dir='ltr'>ἡμερολεγδὸν</span> <span class='ocrx_word' id='word_1_117' title='bbox 1107 1677 1178 1728; x_wconf 87' lang='lat' dir='ltr'>per-</span> 
     </span>
    </p>
   </div>
   <div class='ocr_carea' id='block_1_3' title="bbox 278 1752 1256 2017">
    <p class='ocr_par' dir='ltr' id='par_1_5' title="bbox 278 1752 1256 2017">
     <span class='ocr_line' id='line_1_16' title="bbox 279 1752 1256 1824; baseline 0.001 -14"><span class='ocrx_word' id='word_1_118' title='bbox 279 1757 391 1824; x_wconf 83' lang='lat' dir='ltr'>scripta</span> <span class='ocrx_word' id='word_1_119' title='bbox 411 1757 512 1809; x_wconf 89' lang='lat' dir='ltr'>omnia</span> <span class='ocrx_word' id='word_1_120' title='bbox 519 1770 527 1821; x_wconf 93' lang='lat'>;</span> <span class='ocrx_word' id='word_1_121' title='bbox 557 1752 621 1823; x_wconf 91' lang='lat' dir='ltr'>sed,</span> <span class='ocrx_word' id='word_1_122' title='bbox 644 1759 679 1810; x_wconf 90' lang='lat' dir='ltr'>ut</span> <span class='ocrx_word' id='word_1_123' title='bbox 700 1757 826 1823; x_wconf 90' lang='lat' dir='ltr'>conicio,</span> <span class='ocrx_word' id='word_1_124' title='bbox 848 1756 990 1823; x_wconf 88' lang='lat' dir='ltr'>quoniam</span> <span class='ocrx_word' id='word_1_125' title='bbox 1014 1753 1091 1809; x_wconf 92' lang='lat' dir='ltr'>mihi</span> <span class='ocrx_word' id='word_1_126' title='bbox 1113 1773 1178 1811; x_wconf 89' lang='lat' dir='ltr'>non</span> <span class='ocrx_word' id='word_1_127' title='bbox 1255 1792 1256 1795; x_wconf 56' lang='lat'><em>=</em></span> 
     </span>
     <span class='ocr_line' id='line_1_17' title="bbox 278 1848 1256 1920; baseline 0.003 -15"><span class='ocrx_word' id='word_1_128' title='bbox 278 1848 389 1907; x_wconf 88' lang='lat' dir='ltr'>videris</span> <span class='ocrx_word' id='word_1_129' title='bbox 403 1853 435 1905; x_wconf 91' lang='lat' dir='ltr'>in</span> <span class='ocrx_word' id='word_1_130' title='bbox 450 1848 543 1920; x_wconf 89' lang='lat' dir='ltr'>Epiro</span> <span class='ocrx_word' id='word_1_131' title='bbox 558 1848 610 1906; x_wconf 88' lang='lat' dir='ltr'>diu</span> <span class='ocrx_word' id='word_1_132' title='bbox 625 1848 728 1919; x_wconf 83' lang='lat' dir='ltr'>fuisse,</span> <span class='ocrx_word' id='word_1_133' title='bbox 739 1848 876 1906; x_wconf 85' lang='lat' dir='ltr'>redditas</span> <span class='ocrx_word' id='word_1_134' title='bbox 889 1849 946 1906; x_wconf 91' lang='lat' dir='ltr'>tibi</span> <span class='ocrx_word' id='word_1_135' title='bbox 960 1867 1023 1906; x_wconf 90' lang='lat' dir='ltr'>non</span> <span class='ocrx_word' id='word_1_136' title='bbox 1037 1849 1175 1908; x_wconf 86' lang='lat' dir='ltr'>arbitror.</span> <span class='ocrx_word' id='word_1_137' title='bbox 1255 1874 1256 1887; x_wconf 64' lang='lat'><em>³</em></span> 
     </span>
     <span class='ocr_line' id='line_1_18' title="bbox 279 1943 1256 2017; baseline 0.002 -16"><span class='ocrx_word' id='word_1_138' title='bbox 279 1944 385 2001; x_wconf 91' lang='lat' dir='ltr'>Genus</span> <span class='ocrx_word' id='word_1_139' title='bbox 398 1951 502 2001; x_wconf 89' lang='lat' dir='ltr'>autem</span> <span class='ocrx_word' id='word_1_140' title='bbox 518 1964 654 2002; x_wconf 89' lang='lat' dir='ltr'>mearum</span> <span class='ocrx_word' id='word_1_141' title='bbox 670 1944 710 2002; x_wconf 90' lang='lat' dir='ltr'>ad</span> <span class='ocrx_word' id='word_1_142' title='bbox 726 1952 759 2002; x_wconf 90' lang='lat' dir='ltr'>te</span> <span class='ocrx_word' id='word_1_143' title='bbox 777 1943 901 2015; x_wconf 87' lang='lat' dir='ltr'>quidem</span> <span class='ocrx_word' id='word_1_144' title='bbox 919 1943 1090 2002; x_wconf 88' lang='lat' dir='ltr'>litterarum</span> <span class='ocrx_word' id='word_1_145' title='bbox 1110 1950 1177 2003; x_wconf 91' lang='lat' dir='ltr'>eius</span> <span class='ocrx_word' id='word_1_146' title='bbox 1255 1980 1256 2017; x_wconf 21' lang='grc' dir='ltr'>ἦ</span> 
     </span>
    </p>
   </div>
   <div class='ocr_carea' id='block_1_4' title="bbox 205 2038 1177 3071">
    <p class='ocr_par' dir='ltr' id='par_1_6' title="bbox 205 2038 1177 2219">
     <span class='ocr_line' id='line_1_19' title="bbox 205 2038 1177 2111; baseline 0.002 -14"><span class='ocrx_word' id='word_1_147' title='bbox 205 2043 209 2053; x_wconf 92' lang='grc'><strong><em>’</em></strong></span> <span class='ocrx_word' id='word_1_148' title='bbox 278 2040 361 2097; x_wconf 92' lang='lat' dir='ltr'>modi</span> <span class='ocrx_word' id='word_1_149' title='bbox 374 2038 439 2098; x_wconf 89' lang='lat' dir='ltr'>fere</span> <span class='ocrx_word' id='word_1_150' title='bbox 451 2046 508 2111; x_wconf 89' lang='lat' dir='ltr'>est,</span> <span class='ocrx_word' id='word_1_151' title='bbox 521 2047 556 2097; x_wconf 91' lang='lat' dir='ltr'>ut</span> <span class='ocrx_word' id='word_1_152' title='bbox 566 2059 629 2097; x_wconf 93' lang='lat' dir='ltr'>non</span> <span class='ocrx_word' id='word_1_153' title='bbox 639 2039 735 2098; x_wconf 85' lang='lat' dir='ltr'>libeat</span> <span class='ocrx_word' id='word_1_154' title='bbox 748 2044 890 2110; x_wconf 91' lang='lat' dir='ltr'>cuiquam</span> <span class='ocrx_word' id='word_1_155' title='bbox 900 2039 983 2111; x_wconf 87' lang='lat' dir='ltr'>dare,</span> <span class='ocrx_word' id='word_1_156' title='bbox 994 2043 1052 2097; x_wconf 90' lang='lat' dir='ltr'>nisi</span> <span class='ocrx_word' id='word_1_157' title='bbox 1063 2039 1102 2098; x_wconf 90' lang='lat' dir='ltr'>de</span> <span class='ocrx_word' id='word_1_158' title='bbox 1114 2060 1177 2111; x_wconf 92' lang='lat' dir='ltr'>quo</span> 
     </span>
     <span class='ocr_line' id='line_1_20' title="bbox 278 2135 892 2219; baseline 0 -26"><span class='ocrx_word' id='word_1_159' title='bbox 278 2135 468 2207; x_wconf 85' lang='lat' dir='ltr'>exploratum</span> <span class='ocrx_word' id='word_1_160' title='bbox 482 2139 522 2219; x_wconf 78' lang='lat' dir='ltr'>sit</span> <span class='ocrx_word' id='word_1_161' title='bbox 536 2135 594 2193; x_wconf 90' lang='lat' dir='ltr'>tibi</span> <span class='ocrx_word' id='word_1_162' title='bbox 609 2155 680 2193; x_wconf 91' lang='lat' dir='ltr'>eum</span> <span class='ocrx_word' id='word_1_163' title='bbox 693 2135 892 2193; x_wconf 87' lang='lat' dir='ltr'>redditurum.</span> 
     </span>
    </p>

    <p class='ocr_par' dir='ltr' id='par_1_7' title="bbox 273 2229 1175 3071">
     <span class='ocr_line' id='line_1_21' title="bbox 319 2229 1175 2302; baseline 0.002 -13"><span class='ocrx_word' id='word_1_164' title='bbox 319 2231 409 2289; x_wconf 91' lang='lat' dir='ltr'>Nunc</span> <span class='ocrx_word' id='word_1_165' title='bbox 426 2231 573 2289; x_wconf 84' lang='lat' dir='ltr'>Romanas</span> <span class='ocrx_word' id='word_1_166' title='bbox 587 2250 636 2289; x_wconf 90' lang='lat' dir='ltr'>res</span> <span class='ocrx_word' id='word_1_167' title='bbox 649 2235 760 2301; x_wconf 86' lang='lat' dir='ltr'>accipe.</span> <span class='ocrx_word' id='word_1_168' title='bbox 804 2229 842 2288; x_wconf 89' lang='grc' dir='ltr'>Α.</span> <span class='ocrx_word' id='word_1_169' title='bbox 854 2230 884 2288; x_wconf 91' lang='lat' dir='ltr'>d.</span> <span class='ocrx_word' id='word_1_170' title='bbox 902 2249 946 2288; x_wconf 85' lang='lat'>1111</span> <span class='ocrx_word' id='word_1_171' title='bbox 961 2230 1064 2289; x_wconf 91' lang='lat' dir='ltr'>Nonas</span> <span class='ocrx_word' id='word_1_172' title='bbox 1076 2230 1175 2302; x_wconf 86' lang='lat' dir='ltr'>Quin-</span> 
     </span>
     <span class='ocr_line' id='line_1_22' title="bbox 276 2325 1173 2397; baseline 0.003 -12"><span class='ocrx_word' id='word_1_173' title='bbox 276 2326 347 2385; x_wconf 91' lang='lat' dir='ltr'>tiles</span> <span class='ocrx_word' id='word_1_174' title='bbox 361 2326 490 2386; x_wconf 83' lang='lat' dir='ltr'>Sufenas</span> <span class='ocrx_word' id='word_1_175' title='bbox 504 2334 538 2384; x_wconf 89' lang='lat' dir='ltr'>et</span> <span class='ocrx_word' id='word_1_176' title='bbox 548 2326 623 2384; x_wconf 87' lang='lat' dir='ltr'>Cato</span> <span class='ocrx_word' id='word_1_177' title='bbox 633 2326 774 2397; x_wconf 85' lang='lat' dir='ltr'>absoluti,</span> <span class='ocrx_word' id='word_1_178' title='bbox 788 2325 931 2384; x_wconf 89' lang='lat' dir='ltr'>Procilius</span> <span class='ocrx_word' id='word_1_179' title='bbox 943 2327 1173 2388; x_wconf 85' lang='lat' dir='ltr'>condemnatus.</span> 
     </span>
     <span class='ocr_line' id='line_1_23' title="bbox 277 2420 1173 2497; baseline 0.002 -17"><span class='ocrx_word' id='word_1_180' title='bbox 277 2422 323 2480; x_wconf 84' lang='lat' dir='ltr'>Ex</span> <span class='ocrx_word' id='word_1_181' title='bbox 348 2442 408 2494; x_wconf 92' lang='lat' dir='ltr'>quo</span> <span class='ocrx_word' id='word_1_182' title='bbox 431 2422 624 2480; x_wconf 90' lang='lat' dir='ltr'>intellectum</span> <span class='ocrx_word' id='word_1_183' title='bbox 649 2430 697 2480; x_wconf 89' lang='lat' dir='ltr'>est</span> <span class='ocrx_word' id='word_1_184' title='bbox 721 2420 992 2493; x_wconf 81' lang='grc' dir='ltr'>τρισαρειοπαγίτας</span> <span class='ocrx_word' id='word_1_185' title='bbox 1013 2423 1173 2497; x_wconf 87' lang='lat' dir='ltr'>ambitum,</span> 
     </span>
     <span class='ocr_line' id='line_1_24' title="bbox 275 2518 1173 2590; baseline 0.006 -16"><span class='ocrx_word' id='word_1_186' title='bbox 275 2521 406 2589; x_wconf 88' lang='lat' dir='ltr'>comitia,</span> <span class='ocrx_word' id='word_1_187' title='bbox 415 2522 635 2589; x_wconf 80' lang='lat' dir='ltr'>interregnum,</span> <span class='ocrx_word' id='word_1_188' title='bbox 645 2523 845 2590; x_wconf 86' lang='lat' dir='ltr'>maiestatem,</span> <span class='ocrx_word' id='word_1_189' title='bbox 854 2526 952 2576; x_wconf 87' lang='lat' dir='ltr'>totam</span> <span class='ocrx_word' id='word_1_190' title='bbox 962 2518 1095 2590; x_wconf 88' lang='lat' dir='ltr'>denique</span> <span class='ocrx_word' id='word_1_191' title='bbox 1106 2539 1173 2579; x_wconf 92' lang='lat' dir='ltr'>rem</span> 
     </span>
     <span class='ocr_line' id='line_1_25' title="bbox 275 2612 1173 2687; baseline 0.006 -16"><span class='ocrx_word' id='word_1_192' title='bbox 275 2613 427 2685; x_wconf 85' lang='lat' dir='ltr'>publicam</span> <span class='ocrx_word' id='word_1_193' title='bbox 441 2612 524 2672; x_wconf 90' lang='lat' dir='ltr'>flocci</span> <span class='ocrx_word' id='word_1_194' title='bbox 539 2633 601 2672; x_wconf 92' lang='lat' dir='ltr'>non</span> <span class='ocrx_word' id='word_1_195' title='bbox 615 2613 731 2672; x_wconf 88' lang='lat' dir='ltr'>facere:</span> <span class='ocrx_word' id='word_1_196' title='bbox 753 2613 900 2673; x_wconf 89' lang='lat' dir='ltr'>debemus</span> <span class='ocrx_word' id='word_1_197' title='bbox 914 2621 1033 2687; x_wconf 90' lang='lat' dir='ltr'>patrem</span> <span class='ocrx_word' id='word_1_198' title='bbox 1042 2613 1173 2676; x_wconf 84' lang='lat' dir='ltr'>familias</span> 
     </span>
     <span class='ocr_line' id='line_1_26' title="bbox 274 2708 1172 2782; baseline 0.004 -16"><span class='ocrx_word' id='word_1_199' title='bbox 274 2708 357 2767; x_wconf 92' lang='lat' dir='ltr'>domi</span> <span class='ocrx_word' id='word_1_200' title='bbox 371 2729 443 2767; x_wconf 91' lang='lat' dir='ltr'>suae</span> <span class='ocrx_word' id='word_1_201' title='bbox 457 2709 596 2768; x_wconf 88' lang='lat' dir='ltr'>occidere</span> <span class='ocrx_word' id='word_1_202' title='bbox 610 2709 703 2780; x_wconf 89' lang='lat' dir='ltr'>nolle,</span> <span class='ocrx_word' id='word_1_203' title='bbox 718 2729 819 2782; x_wconf 86' lang='lat' dir='ltr'>neque</span> <span class='ocrx_word' id='word_1_204' title='bbox 833 2718 937 2768; x_wconf 88' lang='lat' dir='ltr'>tamen</span> <span class='ocrx_word' id='word_1_205' title='bbox 952 2710 984 2768; x_wconf 93' lang='lat' dir='ltr'>id</span> <span class='ocrx_word' id='word_1_206' title='bbox 1002 2714 1102 2782; x_wconf 90' lang='lat' dir='ltr'>ipsum</span> <span class='ocrx_word' id='word_1_207' title='bbox 1119 2714 1172 2770; x_wconf 87' lang='lat' dir='ltr'>ab·</span> 
     </span>
     <span class='ocr_line' id='line_1_27' title="bbox 274 2805 1170 2876; baseline 0.004 -14"><span class='ocrx_word' id='word_1_208' title='bbox 274 2805 373 2873; x_wconf 91' lang='lat' dir='ltr'>unde;</span> <span class='ocrx_word' id='word_1_209' title='bbox 402 2824 473 2862; x_wconf 89' lang='lat' dir='ltr'>nam</span> <span class='ocrx_word' id='word_1_210' title='bbox 493 2805 689 2865; x_wconf 85' lang='lat' dir='ltr'>absolverunt</span> <span class='ocrx_word' id='word_1_211' title='bbox 710 2824 782 2876; x_wconf 83' lang='lat' dir='ltr'>xxn,</span> <span class='ocrx_word' id='word_1_212' title='bbox 804 2805 1048 2865; x_wconf 88' lang='lat' dir='ltr'>condemnarunt</span> <span class='ocrx_word' id='word_1_213' title='bbox 1068 2826 1170 2866; x_wconf 82' lang='lat' dir='ltr'>xxvul.</span> 
     </span>
     <span class='ocr_line' id='line_1_28' title="bbox 276 2899 1171 2973; baseline 0.006 -16"><span class='ocrx_word' id='word_1_214' title='bbox 276 2899 399 2958; x_wconf 90' lang='lat' dir='ltr'>Publius</span> <span class='ocrx_word' id='word_1_215' title='bbox 434 2919 506 2958; x_wconf 88' lang='lat' dir='ltr'>sane</span> <span class='ocrx_word' id='word_1_216' title='bbox 543 2901 658 2958; x_wconf 85' lang='lat' dir='ltr'>diserto</span> <span class='ocrx_word' id='word_1_217' title='bbox 694 2901 815 2973; x_wconf 80' lang='lat' dir='ltr'>epilogo</span> <span class='ocrx_word' id='word_1_218' title='bbox 853 2905 1014 2960; x_wconf 89' lang='lat' dir='ltr'>criminans</span> <span class='ocrx_word' id='word_1_219' title='bbox 1049 2912 1171 2962; x_wconf 89' lang='lat' dir='ltr'>mentes</span> 
     </span>
     <span class='ocr_line' id='line_1_29' title="bbox 273 2995 1170 3071; baseline 0.004 -18"><span class='ocrx_word' id='word_1_220' title='bbox 273 2995 408 3053; x_wconf 89' lang='lat' dir='ltr'>iudicum</span> <span class='ocrx_word' id='word_1_221' title='bbox 436 3004 647 3054; x_wconf 89' lang='lat' dir='ltr'>commoverat.</span> <span class='ocrx_word' id='word_1_222' title='bbox 693 2997 840 3056; x_wconf 90' lang='lat' dir='ltr'>Hortalus</span> <span class='ocrx_word' id='word_1_223' title='bbox 869 3000 901 3054; x_wconf 91' lang='lat' dir='ltr'>in</span> <span class='ocrx_word' id='word_1_224' title='bbox 929 3017 966 3056; x_wconf 86' lang='lat' dir='ltr'>ea</span> <span class='ocrx_word' id='word_1_225' title='bbox 990 3017 1079 3056; x_wconf 89' lang='lat' dir='ltr'>causa</span> <span class='ocrx_word' id='word_1_226' title='bbox 1101 2998 1170 3071; x_wconf 83' lang='lat' dir='ltr'>fuit,</span> 
     </span>
    </p>
   </div>
   <div class='ocr_carea' id='block_1_5' title="bbox 472 3102 977 3232">
    <p class='ocr_par' dir='ltr' id='par_1_8' title="bbox 472 3102 977 3232">
     <span class='ocr_line' id='line_1_30' title="bbox 551 3102 887 3166; baseline 0.009 -16"><span class='ocrx_word' id='word_1_227' title='bbox 551 3102 557 3129; x_wconf 91' lang='lat'>¹</span> <span class='ocrx_word' id='word_1_228' title='bbox 568 3109 594 3150; x_wconf 91' lang='lat' dir='ltr'>et</span> <span class='ocrx_word' id='word_1_229' title='bbox 607 3103 695 3152; x_wconf 82' lang='lat' dir='ltr'>added</span> <span class='ocrx_word' id='word_1_230' title='bbox 704 3103 737 3166; x_wconf 82' lang='lat' dir='ltr'>by</span> <span class='ocrx_word' id='word_1_231' title='bbox 747 3103 887 3153; x_wconf 72' lang='lat' dir='ltr'>Bu‘cheler.</span> 
     </span>
     <span class='ocr_line' id='line_1_31' title="bbox 472 3165 977 3232; baseline 0.006 -17"><span class='ocrx_word' id='word_1_232' title='bbox 472 3165 698 3218; x_wconf 77' lang='lat' dir='ltr'>²rhetorBosius:</span> <span class='ocrx_word' id='word_1_233' title='bbox 710 3175 821 3232; x_wconf 88' lang='lat' dir='ltr'>praetor</span> <span class='ocrx_word' id='word_1_234' title='bbox 831 3170 883 3218; x_wconf 90' lang='lat' dir='ltr'>M¹:</span> <span class='ocrx_word' id='word_1_235' title='bbox 895 3185 913 3232; x_wconf 92' lang='lat' dir='ltr'>p</span> <span class='ocrx_word' id='word_1_236' title='bbox 924 3167 977 3219; x_wconf 54' lang='lat' dir='ltr'>MP,</span> 
     </span>
    </p>
   </div>
   <div class='ocr_carea' id='block_1_6' title="bbox 358 3242 418 3304">
    <p class='ocr_par' dir='ltr' id='par_1_9' title="bbox 358 3242 418 3304">
     <span class='ocr_line' id='line_1_32' title="bbox 358 3242 418 3304; baseline 0.033 -3"><span class='ocrx_word' id='word_1_237' title='bbox 358 3242 418 3304; x_wconf 76' lang='lat'>306</span> 
     </span>
    </p>
   </div>
   <div class='ocr_carea' id='block_1_7' title="bbox 0 0 1268 3850">
    <p class='ocr_par' dir='ltr' id='par_1_10' title="bbox 0 0 1268 3850">
     <span class='ocr_line' id='line_1_33' title="bbox 0 0 1268 3850; baseline 0 3"><span class='ocrx_word' id='word_1_238' title='bbox 0 0 1268 3850; x_wconf 95' lang='lat' dir='ltr'> </span> 
     </span>
    </p>
   </div>
  </div>
 </body>
</html>
