2494 3854
432 325 603 385 MARCUS
622 325 807 385 TL'LLIL'S
827 326 978 385 CICERO

258 449 424 507 Philotimo
437 447 583 506 dederam
592 448 633 506 ad
642 456 676 505 te
689 447 825 515 litteras3
845 467 904 504 nec
912 467 985 505 vero
995 467 1078 505 nunc
1089 456 1156 506 erat

258 565 342 616 sane,
360 544 443 616 quod
464 544 635 604 scriberem.
675 543 737 615 Qui
756 543 797 601 de
816 563 850 601 re
868 543 991 615 publica
1008 563 1155 615 rumores,

260 642 509 711 scribe‚·quaeso;
530 644 562 696 in
576 639 697 712 oppidis
706 644 790 697 enim
800 659 953 696 summum
962 639 1052 697 video
1065 644 1155 698 timo

260 756 335 806 rem,
363 735 419 794 sed
445 736 543 793 multa
568 739 678 792 inania.
727 734 812 806 Quid
838 735 879 793 de
905 735 955 793 bis
981 739 1099 806 cogites
1124 743 1156 794 et

260 832 392 903 quando,
406 836 483 889 scire
503 831 603 890 velim.
648 831 699 889 Ad
719 850 794 902 quas
814 831 933 888 litteras
954 832 1011 888 tibi
1031 833 1156 889 rescribi
1242 868 1243 901 3

260 928 346 999 velis,
356 931 466 985 nescio.
503 927 611 984 Nullos
624 931 707 984 enim
720 926 821 985 adhuc
833 947 1021 998 acceperam,
1034 936 1157 1000 praeter

261 1044 340 1096 quae
355 1024 432 1081 mibi
448 1025 539 1082 binae
556 1023 646 1081 simul
663 1027 695 1079 in
714 1023 888 1080 Trebulano
908 1023 1048 1082 redditae
1068 1030 1156 1093 sunt3
1242 1058 1243 1073 κ

261 1140 389 1192 quarum
405 1119 520 1177 alterae
537 1119 673 1178 edictum
691 1117 723 1175 P.
741 1118 867 1176 lentuli
882 1118 1040 1178 habebant
1055 1106 1158 1189 (erant
1208 1182 1212 1189 ,

261 1225 366 1274 autem
393 1217 490 1274 Nonis
523 1216 614 1273 Maiis
641 1202 756 1285 darae),
784 1215 899 1273 alterae
926 1220 1090 1287 rescriptae
1117 1216 1158 1274 ad

262 1332 346 1370 meas
367 1312 612 1369 Menturnenses.
656 1310 758 1382 Quam
778 1331 894 1382 vereor,
908 1331 949 1370 ne
969 1312 1044 1383 quid
1064 1311 1158 1370 fuerit
1242 1312 1243 1337 ³

262 1406 483 1477 σπουδαιότερον
502 1410 535 1463 in
553 1411 600 1477 iis,
614 1426 688 1478 quas
708 1426 771 1464 non
783 1411 898 1479 accepi,
912 1409 1021 1478 quibus
1034 1408 1165 1466 rescribi

263 1505 322 1562 vis!
364 1502 458 1574 Apud
473 1501 640 1560 Lentulum
654 1523 766 1574 ponam
779 1511 812 1561 te
826 1508 860 1560 in
872 1508 979 1574 gratia

306 1598 469 1669 Dionysius
487 1599 575 1655 nobis
594 1598 677 1655 cordi
696 1606 752 1656 est
796 1599 930 1657 Nicanor
947 1607 1019 1658 tuus
1034 1619 1160 1671 operam

262 1695 339 1752 mibi
360 1694 415 1752 dat
437 1698 599 1765 egregiam
653 1692 718 1751 lam
739 1695 839 1764 deest,
861 1695 943 1766 quod
964 1697 1103 1767 scribam,
1127 1704 1162 1755 et

264 1791 355 1848 lucet
400 1790 572 1848 Beneventi
592 1790 765 1860 cogitabam
785 1789 886 1848 hodie
930 1791 1042 1849 Nostra
1062 1797 1161 1850 conti-

265 1890 371 1943 nentia
385 1892 419 1943 et
432 1884 593 1955 diligentia
603 1903 669 1943 esse
683 1876 773 1944 satis¹
788 1885 933 1944 faciemus
947 1891 1026 1962 satis.

307 1981 336 2037 Α
351 1979 460 2038 Pontio
474 1999 512 2038 ex
526 1980 698 2039 Trebulano
711 2003 737 2039 a
754 1982 783 2040 d
799 2002 819 2039 v
834 1981 906 2040 Idus
920 1983 1024 2041 Maias.

692 2214 737 2272 1v

565 2329 670 2368 crcuno
683 2330 789 2369 A'l'rlco
802 2331 861 2369 sar.
896 2365 900 2369 .

57 2403 116 2462 Sor.
133 2402 223 2461 Bene-
309 2408 521 2466 Beneventum
538 2411 650 2465 venia
669 2407 698 2464 d
715 2427 734 2464 v
752 2406 825 2465 Idus
843 2408 948 2466 Maias.
993 2407 1048 2469 lbi,
1057 2417 1165 2484 accepi
1242 2462 1243 2491 ἢ

56 2487 128 2583 Wllf
138 2485 187 2544 JV
196 2484 241 2545 M·
268 2523 319 2562 eas
329 2503 457 2574 litteraS,
468 2522 542 2574 quas
552 2510 587 2560 tu
602 2504 804 2574 superioribus
817 2504 929 2561 litteris
943 2504 1165 2576 significaveras

58 2570 131 2629 Mm'
144 2590 170 2627 α’
185 2570 246 2628 703
268 2608 301 2658 te
312 2599 442 2670 dedisse,
453 2599 493 2656 ad
503 2618 577 2669 quas
588 2618 646 2669 ego
657 2619 694 2656 eo
704 2604 771 2670 ipso
780 2600 831 2657 die
842 2599 987 2659 dederam
997 2621 1035 2659 ex
1046 2601 1165 2661 Trebu-

268 2696 339 2753 lano
353 2716 371 2753 a
386 2696 503 2752 Pontio.
547 2695 593 2751 Ac
608 2695 694 2752 binas
708 2695 833 2765 quidem
847 2703 915 2754 tuas
929 2695 1100 2756 Beneventi
1114 2720 1165 2758 ac-

269 2797 346 2865 cepi,
367 2811 493 2863 quarum
512 2791 623 2848 alteras
643 2791 843 2851 Funisulanus
862 2793 959 2850 multo
978 2813 1068 2851 mane
1088 2795 1166 2854 mihi

269 2889 366 2958 dedit,
380 2887 490 2945 alteras
504 2888 600 2944 scriba
611 2886 735 2944 Tullius
780 2887 957 2946 Gratissima
968 2896 1015 2947 est
1024 2890 1100 2947 mihi
1111 2899 1168 2950 tua
1196 2902 1202 2911 '

270 3004 341 3043 cura
355 2983 394 3041 de
409 2982 461 3040 illo
476 3002 545 3039 meo
559 2987 656 3054 primo
671 2991 703 3040 et
718 2987 848 3041 maximo
861 2985 1019 3054 mandat03
1041 2986 1096 3043 sed
1111 2995 1168 3046 tua

270 3079 419 3153 profectio
443 3097 532 3159 spem,
553 3098 653 3134 meam
678 3078 827 3136 debilitat.
882 3080 928 3137 Ac
952 3081 992 3138 de
1016 3080 1069 3138 illo
1088 3082 1168 3143 illuc

530 3174 536 3203 ¹
550 3174 574 3222 Τ
571 3174 604 3224 he
614 3178 670 3223 text
680 3175 742 3225 here
752 3176 777 3223 is
787 3181 900 3242 corrupt.

356 3284 415 3336 344
