2494 3854
462 296 632 363 MARCUS
653 303 835 363 TULLIUS
857 303 1007 363 CICERO

285 429 449 499 pactiones.
494 425 556 484 Sed
579 425 736 495 hactenus,
760 430 938 496 praesertim
961 445 1031 483 cum
1060 432 1185 485 cenanti

285 521 361 579 mihi
375 523 523 578 nuntiarit
538 521 656 579 Cestius
671 541 703 578 se
719 521 758 579 de
775 529 865 578 nocte
879 521 1034 594 proficisci.
1076 520 1079 525 ⁴

316 610 392 696 'Tua
406 606 561 687 negotiola
575 604 690 688 Ephesi
701 630 790 675 curae
802 616 877 674 mihi
891 616 1026 688 fuerunt,
1035 616 1182 675 Thermo-

286 733 345 784 que
360 716 482 780 tametsi
502 720 574 770 ante
589 713 756 770 adventum
776 733 879 771 meum
893 713 1102 784 liberalissime
1119 721 1181 772 erat

286 809 438 880 pollicitus
452 813 512 866 tuis
527 809 676 879 omnibus,
691 816 796 866 tamen
812 796 1011 881 Philogenem
1026 818 1059 866 et
1072 809 1182 868 ·Seium

286 904 408 974 tradidi,
417 903 689 974 Apollonidensem
698 904 860 962 Xenonem
868 904 1086 964 commendavi.
1110 906 1182 965 Om-

287 1004 362 1058 nino
374 1004 475 1057 omnia
488 1019 521 1058 se
536 1000 688 1058 facturum
704 1005 829 1072 recepit.
875 1001 941 1071 Ego
962 1009 1120 1072 praeterea
1136 1021 1182 1058 ra-
1237 1018 1238 1021 ’

287 1100 402 1154 tionem
433 1096 592 1166 Philogeni
614 1100 845 1168 permutationis
871 1101 945 1167 eiuS,
968 1116 1059 1168 quam
1080 1104 1183 1155 tecum

287 1186 357 1263 feci,
373 1191 462 1249 edidi.
508 1192 590 1262 Ergo
604 1191 680 1250 haee
694 1212 815 1263 quoque
829 1191 986 1250 hactenus.

288 1277 293 1369 j
332 1287 435 1354 Redeo
449 1287 489 1344 ad
503 1288 625 1345 urbana.
671 1288 729 1345 Per
738 1288 889 1346 fortunas!
912 1293 1055 1359 quoniam
1070 1289 1182 1346 Romae

288 1387 539 1454 manes‚primum
548 1383 623 1441 illud
632 1382 779 1454 praefulci
787 1392 879 1455 atque
888 1389 1184 1456 praemuntquaeso,

289 1486 324 1537 ut
338 1483 430 1536 simus
444 1483 546 1549 annui,
558 1500 598 1537 ne
613 1480 811 1538 intercaletur
825 1480 957 1551 quidem.
996 1480 1114 1538 Deinde
1130 1499 1183 1537 ex·
1237 1504 1238 1575 r

288 1574 375 1632 hauri
388 1595 458 1632 mea
471 1575 615 1633 mandata
628 1580 830 1647 maximeque,
842 1580 867 1633 si
881 1576 955 1647 quid
969 1583 1070 1648 potest
1080 1574 1118 1637 de
1131 1576 1185 1634 illo
1237 1586 1238 1653 ζ

289 1671 456 1729 domestico
485 1671 635 1743 scrupulo,
665 1691 758 1742 quem
792 1692 855 1730 non
883 1677 1013 1743 ignoras,
1043 1671 1113 1729 dein
1144 1672 1183 1730 de
1237 1682 1238 1739 ξ

290 1766 428 1840 Caesare,
442 1771 526 1824 cuius
541 1772 573 1823 in
588 1767 789 1838 cupiditatem
799 1775 832 1825 te
844 1775 967 1826 auctore
982 1769 1114 1838 incubui,
1126 1788 1185 1826 nec

289 1882 339 1919 me
354 1866 448 1933 piget.
493 1862 544 1933 Et,
559 1867 584 1920 si
598 1863 763 1934 intellegis,
779 1883 870 1943 quam
883 1884 988 1921 meum
1002 1868 1041 1922 sit
1059 1867 1137 1922 scire
1153 1872 1186 1923 et

208 1952 209 1956 ἵ
290 1977 404 2028 curare,
414 1957 488 2028 quid
502 1962 534 2033 in
545 1978 578 2016 re
587 1959 709 2030 publica
717 1959 865 2016 fiat—fiat
873 1961 995 2017 autem?
1011 1963 1102 2017 immo
1114 1980 1187 2019 vero

291 2057 384 2111 etiam
398 2053 471 2124 quid
486 2052 623 2112 futurum
637 2059 687 2126 sit,
701 2056 854 2127 perscribe
874 2055 913 2113 ad
933 2075 982 2113 me
1006 2059 1117 2127 omnia,
1131 2057 1187 2115 sed

290 2149 523 2220 diligentissime
538 2155 755 2224 imprimisque,
771 2151 882 2222 ecquid
896 2151 1074 2209 iudiciorum
1088 2160 1186 2211 status

224 2304 235 2317 ,
290 2252 343 2303 aut
358 2244 506 2303 factorum
521 2254 574 2303 aut
585 2244 756 2304 futurorum
767 2252 861 2304 etiam
871 2246 997 2305 laboret.
1034 2246 1084 2304 De
1099 2268 1185 2320 aqua,

290 2345 315 2397 si
331 2361 419 2398 curae
435 2349 491 2412 est,
515 2346 539 2398 si
554 2342 628 2412 quid
644 2342 800 2414 Philippus
814 2350 896 2413 aget,
910 2343 1143 2402 animadvertes.
1237 2394 1238 2421 ἶ

699 2666 774 2725 XIV

582 2782 686 2821 cronno
708 2782 814 2821 Armoo
835 2782 893 2821 sm.

78 2862 137 2921 Sor.
154 2860 260 2919 Tralli-
333 2857 509 2930 Antequam
530 2860 631 2930 aliquo
653 2859 719 2916 loco
741 2859 918 2929 consedero,
932 2877 1033 2929 neque
1048 2859 1157 2931 longas
1171 2881 1189 2917 a

80 2945 130 3013 lma
147 2945 175 3004 V
173 2945 194 3003 J
204 2944 242 3003 K·
292 2972 341 3033 me
364 2974 465 3035 neque
488 2974 608 3027 semper
630 2975 699 3012 mea
721 2974 812 3012 manu
835 2955 953 3013 litteras
976 2958 1189 3028 exspectabis3

80 3028 153 3087 SM·
167 3049 192 3086 ‘¹-
208 3030 268 3086 703
292 3071 362 3109 cum
375 3058 479 3108 autem
489 3056 547 3108 erit
558 3056 698 3122 spatium,
710 3059 873 3122 utrumque
884 3052 1051 3123 praestabo.
1098 3053 1189 3110 Nunc

292 3140 351 3204 iter
365 3146 597 3215 conficiebamus
608 3154 746 3226 aestuosa
761 3154 794 3205 et
804 3146 1020 3224 pulverulenta
1031 3151 1085 3204 via.
1126 3148 1189 3206 De·
1237 3152 1238 3163 ¹

372 3246 436 3307 ³70
