2512 3958
424 307 594 368 MARCUS
615 306 797 369 TULLIUS
820 306 969 368 CICERO

249 430 458 500 Allobrogum,
474 429 565 500 idque
585 429 832 489 admurmurante
852 436 960 489 senatu
979 447 1086 500 neque
1105 447 1173 487 me

249 541 345 596 invito
366 557 432 595 esse
457 512 579 595 factum.
625 536 698 596 Sum
724 542 806 596 enim
831 546 865 596 et
891 537 930 595 ab
958 535 1171 594 observando

249 647 372 705 homine
387 665 528 717 perverso
541 645 619 703 liber
634 653 666 703 et
680 646 719 704 ad
733 645 916 717 dignitatem
930 650 963 703 in
976 664 1010 702 re
1024 645 1170 717 publica

249 754 442 812 retinendam
461 761 566 810 contra
591 753 671 810 illius
689 754 879 812 voluntatem
901 754 1025 824 solutuS,
1041 760 1078 811 et
1101 751 1167 810 ille

250 862 400 920 secundus
414 866 446 918 in
461 861 591 918 dicendo
610 861 693 919 locus
713 861 807 920 habet
821 866 1033 919 auctoritatem
1047 880 1165 933 paene

250 974 393 1041 principis
402 977 435 1028 et
443 969 632 1027 voluntatem
642 989 704 1026 non
715 973 804 1027 nimis
816 970 989 1027 devinctam
999 968 1165 1027 beneficio

230 1075 234 1081 “
251 1078 388 1135 consulis
434 1077 555 1135 Tertius
575 1086 622 1135 est
642 1078 776 1150 Catulus
791 1085 925 1150 quartuS,
941 1082 965 1135 si
981 1082 1077 1135 etiam
1094 1076 1162 1133 hoc

250 1190 378 1256 quaeris,
395 1187 586 1244 Hortensius,
618 1185 729 1243 Consul
743 1193 847 1243 autem
861 1190 925 1256 ipse
940 1203 1032 1256 parvo
1046 1187 1162 1241 animo
1207 1167 1210 1170 ⁴

251 1301 284 1350 et
308 1306 400 1364 pravo
422 1301 526 1350 tamen
548 1293 702 1350 cavillator
720 1313 834 1362 genere
854 1293 906 1349 illo
924 1312 1050 1362 moroso,
1066 1291 1159 1362 quod

252 1405 344 1458 etiam
372 1405 437 1457 sine
469 1400 629 1457 dicacitate
658 1399 784 1470 ridetur,
813 1400 890 1458 facie
924 1405 1019 1471 magis
1057 1418 1157 1470 quam
1226 1462 1229 1467 .

251 1509 368 1566 facetiis
385 1508 538 1578 ridiculus,
553 1508 629 1565 nihil
648 1527 742 1578 agens
761 1528 831 1566 cum
850 1528 883 1566 re
902 1508 1032 1580 publica,
1048 1512 1155 1566 seiun-

252 1624 319 1673 ctus
338 1617 377 1673 ab
396 1616 602 1687 optimatibus
617 1636 635 1672 a
654 1636 714 1687 quo
733 1616 810 1673 nihil
825 1635 927 1688 speres
941 1617 1013 1673 boni
1031 1620 1075 1674 rei
1094 1635 1152 1688 pu-

252 1725 359 1795 blicae,
381 1728 451 1795 quia
473 1744 535 1780 non
557 1724 632 1794 vult,
647 1724 723 1781 nihil
753 1744 855 1796 speres
883 1724 964 1794 mali,
988 1729 1058 1796 quia
1086 1743 1151 1782 non
1182 1703 1191 1711 ,
1252 1789 1254 1796 y

252 1833 352 1891 audet.
398 1832 470 1889 Eius
486 1839 590 1889 autem
609 1831 726 1903 collega
746 1840 778 1891 et
797 1838 829 1889 in
848 1853 898 1890 me
912 1804 1150 1905 perhonorificus

253 1949 285 1998 et
296 1945 427 2012 partium
438 1940 589 1998 studiosus
599 1961 634 1997 ac
645 1940 787 1998 defensor
801 1941 982 1999 bonarumrl
990 1938 1051 2013 Qui
1066 1960 1148 1998 nunc
1247 1936 1251 1947 ‘

252 2049 361 2106 leviter
375 2053 455 2107 inter
470 2068 502 2106 se
516 2048 673 2107 dissident.
718 2048 779 2108 Sed
794 2068 908 2120 vereor,
924 2068 964 2106 ne
984 2049 1051 2120 hoc,
1066 2049 1146 2122 quod
1253 2056 1254 2059 ’

253 2155 401 2215 infectum
416 2163 472 2226 est,
487 2165 589 2227 serpat
602 2156 730 2227 longius.
763 2156 863 2221 Credo¹
875 2160 958 2215 enim
972 2164 1004 2214 te
1019 2156 1147 2227 audisse,

254 2286 323 2322 cum
347 2264 428 2336 apud
453 2265 611 2322 Caesarem
636 2284 691 2337 pro
713 2264 825 2337 populo
850 2265 947 2335 lieret,
970 2270 1087 2323 venisse
1109 2284 1144 2322 eo

253 2373 393 2430 muliebri
403 2377 516 2429 vestitu
527 2377 634 2442 virum,
645 2372 738 2444 idque
750 2372 926 2430 sacrificium
937 2392 1006 2430 cum
1017 2377 1143 2443 virgines
1210 2407 1213 2411 .

253 2485 480 2551 instaurassent,
502 2484 690 2538 mentionem
711 2501 729 2536 a
751 2479 788 2551 Q.
811 2481 968 2537 Cornificio
989 2484 1021 2537 in
1041 2488 1141 2539 senatu
1205 2548 1207 2551 ⁸

254 2587 365 2645 factam
379 2575 417 2656 (is
432 2587 491 2645 fuit
505 2592 655 2660 princepS,
667 2607 706 2644 ne
721 2595 756 2646 tu
771 2587 850 2645 forte
864 2588 997 2660 aliquem
1011 2596 1139 2646 nostrum

254 2684 371 2767 putes);
394 2703 499 2768 postea
519 2715 583 2753 rem
604 2715 641 2753 ex
661 2703 784 2754 senatus
803 2696 941 2754 consulto
959 2697 998 2754 ad
1015 2701 1139 2775 virgines
1216 2764 1220 2777 ἢ
1242 2676 1253 2721 ³

254 2810 346 2875 atque
365 2803 404 2860 ad
425 2803 583 2874 pontifices
604 2804 732 2861 relatam
752 2803 850 2876 idque,
864 2804 903 2861 ab
918 2809 953 2862 iis
973 2804 1058 2864 nefas
1079 2768 1215 2897 essex-⁸¹3·

254 2910 411 2969 decretum
419 2931 426 2980 ;
448 2911 560 2969 deinde
576 2931 613 2969 ex
625 2920 747 2970 senatus
759 2912 896 2970 consulto
911 2913 1048 2971 consules
1062 2932 1134 2982 roga·
1204 2910 1210 2971 l

254 3023 370 3076 tionem
397 3019 618 3091 promulgasse3
648 3024 733 3077 uxori
757 3021 914 3078 Caesarem
937 3025 1076 3078 nuntium
1095 3040 1133 3078 re·

254 3132 377 3185 misisse.
423 3126 460 3184 In
477 3126 534 3184 hac
549 3148 637 3185 causa
658 3127 725 3185 Piso
739 3120 871 3186 dmici'tia
892 3128 923 3186 P.
941 3129 1027 3187 Clodi
1041 3128 1133 3187 ductus
