2494 3854
419 303 607 362 ‘MARCUS
628 301 810 361 TULLIUS
833 301 984 360 CICERO

259 429 347 483 nium
361 425 546 496 Dentonem,
559 433 592 483 et
606 425 737 495 reliquos
749 423 880 481 cohortis
892 423 1027 481 eiusdem
1038 430 1071 480 et
1086 423 1153 482 Sex,

261 551 421 623 Lucilium,
441 551 475 609 T.
496 552 572 610 Gavi
592 552 750 622 Caepionis
769 549 929 621 locupletis
952 557 984 607 et
1004 549 1154 620 splendidi

261 677 391 735 hominis
424 677 529 749 filium,
557 679 714 735 tribunum
741 676 880 734 militum.
927 674 1006 735 Sane
1034 674 1155 747 plagam

253 804 394 892 odioaam
408 812 567 877 acceperat
582 825 651 862 cum
661 824 694 862 re
705 812 772 862 tum
782 811 927 874 tempore.
941 785 1015 859 'Nos
1030 801 1069 859 ad
1085 794 1154 859 Pin-v

256 920 424 1002 'denissum
445 930 527 1002 quod
549 930 695 1004 oppidum
716 934 951 988 munitissimum
973 927 1154 986 Eleuthero-

259 1056 379 1115 cilicum
388 1062 523 1115 omnium
533 1061 678 1116 memoria
692 1060 724 1114 in
738 1061 827 1114 armis
841 1055 908 1114 fuit.
932 1056 1001 1113 Feri
1015 1054 1156 1113 homines

259 1191 292 1241 et
310 1204 394 1243 acres
416 1192 448 1243 et
469 1186 608 1271 omnibus
627 1185 717 1242 rebus
734 1183 773 1242 ad
796 1153 1025 1242 defendentium
1047 1186 1154 1254 parati.

255 1310 413 1379 2Cinximus
429 1310 508 1370 vallo
523 1320 556 1370 et
568 1311 659 1381 fossa,
673 1330 785 1381 aggere
799 1314 939 1380 maximo,
954 1313 1060 1379 vineis,
1069 1316 1156 1368 turre
1238 1328 1239 1387 ᾗ

257 1428 1157 1509 altissimagmagnatonnentorumcopia,multissagittariiS,
1238 1520 1239 1523 Ἴ

258 1581 369 1634 magno
387 1562 503 1634 labore,'
514 1571 670 1641 apparatu,
684 1562 788 1621 multis
809 1565 915 1620 sauciis
936 1565 1057 1631 nostris,
1072 1544 1166 1619 incoss
1238 1590 1239 1649 3

258 1689 333 1746 lumi
362 1693 497 1747 exercitu
525 1694 684 1761 negotium
707 1689 899 1747 confecimus.
945 1688 1053 1745 Hilara
1082 1708 1158 1747 sane

258 1815 429 1874 Saturnalia
452 1816 599 1874 militibus
624 1835 754 1887 quoque,
777 1816 885 1887 quibus
909 1818 994 1885 equis
1018 1788 1158 1886 exceptis

258 1940 405 2010 reliquam
423 1941 567 2012 praedam
588 1947 795 2029 concessimua
841 1941 994 2012 Mancipia
1008 1942 1159 2001 venibant
1234 2016 1235 2021 ἵ

258 2065 466 2126 Saturnalibus
480 2072 586 2126 tertiis.
632 2068 708 2140 Cum
728 2067 803 2125 haec
818 2068 986 2125 scribebam
1005 2071 1037 2124 in
1057 2070 1157 2128 tribu·

257 2192 318 2249 nali
327 2213 375 2251 res
385 2202 450 2252 erat
458 2195 497 2252 ad
510 2194 565 2253 HS
580 2183 666 2261 [δεῖ
676 2181 688 2266 l
713 2194 796 2250 Hinc
808 2197 975 2251 exercitum
984 2198 1016 2250 in
1024 2193 1158 2253 hiberna

256 2324 320 2389 agri
339 2320 418 2377 male
436 2325 534 2391 pacati
550 2320 764 2379 deducendum
782 2319 898 2392 Quinto
920 2319 1006 2377 fratri
1025 2319 1156 2392 dabam;

255 2448 319 2516 ipse
334 2465 383 2502 me
399 2445 579 2504 Laodiceam
593 2448 783 2518 recipiebam.

298 2571 503 2630 Haecadhuc.
538 2573 599 2632 Sed
610 2573 649 2630 ad
657 2576 821 2646 praeterita
829 2580 1023 2633 revertamur.
1059 2573 1155 2648 Quod

255 2716 305 2754 me
319 2702 449 2756 maxime
464 2699 592 2757 hortaris
607 2706 648 2770 et,
664 2699 745 2770 quod
759 2698 853 2771 pluris
868 2706 916 2757 est
930 2719 1020 2770 quam
1038 2706 1153 2773 omnia,

167 2892 172 2905 ,
255 2827 287 2881 in
307 2843 367 2893 quo
385 2824 512 2896 laboras,
527 2834 562 2884 ut
582 2829 675 2883 etiam
695 2825 841 2896 Ligurino
860 2824 946 2897 μώμῳ
966 2831 1038 2886 satis
1059 2828 1152 2887 facia-

141 2863 162 2937 [Ι
202 2908 225 3024 l
254 2968 330 3020 mus,
342 2956 460 3022 moriar,
470 2955 494 3008 si
506 2955 665 3022 quicquam
677 2951 741 3009 fieri
752 2959 854 3024 potest
865 2952 1044 3024 elegantius
1084 2955 1153 3015 Nec

245 3079 315 3133 »iam
324 3048 383 3147 ego
393 3076 471 3147 hanc
482 3082 701 3136 continentiam
712 3078 842 3150 appello,
851 3099 928 3151 quae
938 3083 1033 3157 uirtus
1045 3081 1154 3156 volup-

338 3239 397 3300 392
