2494 3854
382 244 390 251 ¹
444 274 614 357 unricus
629 274 817 353 ⁴,surmus
833 273 1006 350 monuo

271 398 431 482 Bompeius
450 404 554 456 autem
574 417 643 456 cum
660 397 699 455 ob
719 404 835 455 ceteras
856 414 958 454 causas
975 396 1044 467 plus
1062 403 1167 467 potest

270 530 348 569 unus
375 530 467 582 quam
496 513 591 567 ceteri
619 529 734 580 omnes,
764 516 831 567 tum
860 509 942 579 quod
973 515 1101 579 putatur
1128 508 1167 567 ad

270 625 385 683 bellurn
395 624 576 681 ¹Parthicum
591 642 656 681 esse
668 629 820 680 venturus.
867 621 904 679 Ei
915 630 1019 680 tamen
1031 626 1074 679 sio
1085 642 1166 681 nune

271 729 406 809 solvitur,-
421 724 596 811 tricensimo
610 756 730 808 quoque
745 737 795 797 die
813 736 931 794 talenta
951 735 1057 794 Attica
1073 756 1166 793 xxxin

272 862 305 912 et
318 853 376 911 hoo
392 873 429 911 ex
444 852 574 910 tributis.
620 852 685 909 Neo
702 852 775 910 inde
793 855 864 909 satis
885 851 1012 908 efficitur
1029 855 1062 909 in
1082 871 1166 909 usur-

271 988 322 1024 am
343 973 539 1025 menstruam.
584 965 646 1024 Sed
669 965 792 1023 Gnaeus
816 971 920 1023 noster
943 965 1113 1024 clementer
1137 967 1169 1025 id

272 1080 352 1149 fert3
373 1087 455 1138 sorte
470 1086 563 1149 earet,
578 1098 668 1136 usura
685 1098 743 1136 nec
760 1098 797 1136 ea
813 1078 910 1136 solida
927 1085 1093 1136 contentus
1111 1088 1168 1139 est.

273 1195 335 1253 Alii
350 1215 450 1265 neque
465 1193 554 1251 solvit
565 1198 705 1263 cuiquam
716 1213 774 1250 nee
785 1200 888 1264 potest
899 1193 1015 1251 solvere
1027 1213 1034 1259 ;
1049 1193 1171 1253 nullum
1232 1186 1233 1189 ¹

274 1298 356 1368 enim
395 1311 562 1392 aerarium,
592 1306 710 1365 nullum
749 1307 880 1376 vectigal
916 1307 1019 1366 habet.
1086 1307 1172 1382 Appi

273 1425 415 1478 instituto
429 1421 544 1478 tributa
558 1424 695 1491 imperat.
740 1419 785 1476 Ea
804 1423 852 1476 vix
870 1424 903 1478 in
920 1419 1027 1478 faenus
1044 1420 1173 1494 Pompei

274 1533 356 1603 quod
384 1537 456 1590 satis
485 1536 525 1591 sit
553 1532 694 1607 efficiunt.
742 1531 842 1590 Amici
870 1537 951 1604 regis
979 1505 1043 1592 duo*
1068 1542 1173 1594 tresve

274 1647 439 1718 perdivites
463 1636 551 1726 sunt,
561 1647 616 1705 sed
636 1651 658 1704 ii
679 1666 767 1704 suum
787 1654 851 1704 tam
872 1646 1038 1718 diligenter
1058 1656 1174 1709 tenent

275 1779 366 1831 quam
381 1779 439 1830 ego
453 1767 508 1818 aut
525 1767 568 1818 tu.
620 1758 771 1829 Equidem
787 1779 849 1816 non
866 1759 974 1817 desino
991 1768 1099 1819 tamen
1117 1782 1173 1834 per

274 1870 392 1931 litteras
407 1893 523 1944 rogare,
538 1874 675 1945 suadere,
690 1893 830 1930 accusare
848 1893 962 1944 regem.
1007 1874 1175 1935 Deiotarus

276 1992 369 2046 etiam
382 1987 458 2045 mihi
472 1991 604 2045 narravit
619 2007 651 2045 se
666 1985 705 2043 ad
722 2006 794 2044 eum
810 1986 928 2057 legatos
946 1992 1062 2045 misisse
1081 1989 1122 2048 de
1141 2011 1175 2049 re

276 2102 381 2170 Bruti3
417 2122 469 2160 eos
497 2103 554 2160 sibi
584 2120 761 2173 responsum
796 2101 951 2160 rettulisse
987 2101 1074 2160 illurn
1110 2124 1176 2162 non

275 2217 397 2274 habere.
427 2216 469 2275 Et
479 2216 654 2274 mehercule
667 2236 724 2287 ego
734 2220 778 2273 ita
792 2216 902 2287 iudico,
917 2217 993 2274 nihil
1007 2217 1061 2275 illo
1076 2239 1177 2290 regno

275 2331 441 2402 spoliatius,
462 2330 539 2391 nihil
561 2350 634 2401 rege
659 2334 807 2400 egentius
854 2330 962 2401 ltaque
989 2338 1046 2389 aut
1074 2333 1179 2392 tutela

276 2449 377 2515 cogito
400 2464 449 2502 me
471 2444 611 2503 abdicare
632 2451 685 2501 aut
708 2451 743 2501 ut
764 2463 818 2514 pro
840 2443 1005 2503 Glabrione
1029 2445 1179 2506 Scaevola

276 2557 382 2616 faenus
409 2566 441 2615 et
466 2558 655 2629 impendium
680 2577 826 2616 recusare.
872 2557 939 2630 Ego
961 2566 1078 2631 tamen,
1101 2580 1179 2632 quas

276 2690 331 2742 per
350 2678 382 2728 te
403 2670 497 2728 Bruto
518 2675 712 2742 promiseram
734 2670 950 2742 praefecturas,
973 2671 1016 2730 M.
1041 2673 1179 2746 Scaptio,

277 2781 310 2839 L.
329 2782 433 2862 Gavio,
447 2788 539 2853 quiin
551 2803 646 2853 regno
658 2804 722 2842 rem
735 2783 821 2841 Bruti
831 2785 1045 2857 procurabant,
1057 2787 1162 2847 detuli
1172 2808 1181 2858 ;

276 2917 334 2953 nec
370 2901 452 2955 enim
483 2901 515 2953 in
544 2903 697 2969 provincia
726 2917 795 2955 mea
822 2900 1069 2969 negotiabantur.
1131 2902 1182 2961 Tu

275 3012 379 3062 autern
393 3009 559 3062 meministi
574 3026 629 3063 nos
644 3011 686 3064 sio
701 3026 802 3078 agere,
820 3014 865 3077 ut,
884 3015 959 3078 quot
976 3009 1072 3067 vellet
1090 3030 1183 3082 prae-

277 3111 418 3181 fecturas,
434 3121 578 3184 sumeret,
594 3114 667 3172 dum
683 3135 722 3172 ne
737 3111 929 3185 negotiatori.
978 3116 1089 3190 Itaque
1104 3118 1185 3178 duas

362 3215 422 3269 418
