2480 3862
450 300 620 369 MARCUS
641 306 823 369 TULLIUS
846 305 996 368 CICERO

274 428 363 487 officii
373 438 445 487 sunt
453 435 539 502 pueri
549 431 700 488 Ciceronis
712 434 774 488 sive
785 434 846 487 iam
856 429 1078 499 adulescentis3
1092 430 1173 503 quod

274 530 399 602 quidem
410 531 497 589 illum
508 531 590 590 soleo
600 532 722 590 hortari.
764 532 810 589 Ac
822 531 898 589 mihi
909 531 1032 589 videtur
1042 538 1174 590 matrem

274 631 374 703 valde,
388 642 424 691 ut
438 633 542 706 debet,
556 653 657 692 amare
672 641 765 706 teque
779 633 912 692 mirifice.
958 632 1021 692 Sed
1040 641 1090 691 est
1110 654 1173 693 ma-

273 753 369 804 gnum
390 734 467 792 illud
488 735 622 807 quidem,
642 754 748 793 verum
769 742 873 793 tamen
897 734 1060 806 multiplex
1086 739 1174 808 pueri

273 839 447 907 ingenium
466 841 500 894 in
514 857 574 909 quo
589 857 647 909 ego
661 837 797 908 regendo
811 836 910 895 habeo
924 840 1044 908 negotii
1058 841 1140 896 satis.

315 935 467 1008 Quoniam
487 938 630 1010 respondi
651 920 824 1010 postremae
843 945 915 996 tuae
929 941 1060 1010 paginae
1075 943 1175 1010 prima

272 1059 351 1111 mea,
365 1060 447 1098 nunc
461 1040 500 1098 ad
514 1044 642 1112 primam
652 1048 787 1099 revertar
798 1048 890 1099 tuam.
937 1038 1174 1112 Peloponnesias

272 1145 410 1201 civitates
424 1163 529 1201 omnes
544 1147 708 1200 maritimas
723 1162 788 1201 esse
806 1142 937 1201 hominis
951 1161 1014 1200 non
1028 1162 1174 1216 nequam,

272 1243 326 1302 sed
341 1249 434 1303 etiam
448 1253 502 1304 tuo
515 1245 627 1304 iudicio
641 1246 769 1317 probati,
782 1244 971 1316 Dicaearchi,
982 1245 1095 1303 tabulis
1107 1266 1172 1305 cre-

271 1344 344 1403 didi.
390 1347 420 1405 Is
433 1347 538 1405 multis
552 1347 724 1405 nominibus
738 1350 771 1404 in
782 1345 995 1418 Trophoniana
1006 1347 1172 1406 Chaeronis

270 1452 443 1506 narratione
453 1448 585 1507 Graecos
596 1453 628 1505 in
639 1467 676 1506 eo
686 1446 854 1520 reprendit,
863 1447 944 1519 quod
953 1467 1037 1505 mare
1048 1455 1170 1507 tantum

272 1553 369 1607 secuti
383 1554 455 1622 sint,
469 1570 527 1608 nec
541 1549 638 1608 ullum
652 1554 684 1607 in
700 1548 910 1620 Peloponneso
926 1548 1028 1607 locum
1045 1554 1167 1623 excipit

272 1651 348 1710 Cum
361 1652 436 1709 mihi
450 1660 555 1710 auctor
569 1651 704 1723 placeret
723 1638 853 1719 (etenim
867 1658 933 1709 erat
948 1649 1170 1723 ἱστορικώτατος

271 1760 305 1811 et
326 1757 442 1811 vixerat
463 1758 495 1811 in
518 1740 750 1825 Peloponneso),
764 1752 934 1824 admirabar
951 1760 1056 1828 tamen
1071 1761 1106 1812 et
1120 1759 1168 1812 vix

271 1853 440 1912 adcredens
468 1858 686 1912 communicavi
715 1874 785 1911 cum
814 1853 969 1924 Dionysio.
1009 1854 1115 1925 Atque
1146 1860 1170 1914 is

270 1959 368 2026 primo
390 1963 438 2013 est
466 1940 643 2026 commotus,
665 1955 788 2027 deinde,
807 1954 888 2026 quod
913 1954 952 2013 de
977 1959 1035 2013 isto
1059 1955 1169 2015 Dicae-

271 2056 361 2115 archo
384 2077 447 2115 non
467 2061 567 2115 minus
586 2058 666 2115 bene
685 2058 889 2115 existumabat
909 2076 1000 2129 quam
1019 2065 1054 2115 tu
1074 2057 1116 2116 de
1136 2060 1167 2117 C.

271 2158 419 2229 Vestorio,
438 2179 496 2230 ego
513 2158 552 2216 de
574 2159 617 2216 Μ.
637 2158 752 2231 Cluvio,
767 2178 829 2243 non
851 2157 1021 2230 dubitabat,
1042 2163 1119 2230 quin
1142 2164 1170 2221 ei

270 2260 470 2319 crederemus.
515 2259 664 2318 Arcadiae
678 2260 824 2318 censebat
838 2279 904 2318 esse
916 2259 1057 2331 Lepreon
1072 2261 1169 2332 quod·

269 2361 341 2420 dam
354 2367 565 2431 maritumum;
580 2360 683 2420 Tenea
697 2370 801 2421 autem
815 2370 848 2420 et
862 2361 1009 2433 Aliphera
1022 2369 1057 2420 et
1071 2361 1170 2422 Tritia

271 2463 422 2523 νεόκτιστα
442 2468 470 2522 ei
489 2463 681 2536 videbantur,
696 2463 788 2535 idque
803 2471 843 2534 τῷ
859 2463 916 2522 τῶν
931 2462 997 2522 νεῶν
1012 2464 1170 2537 καταλόγῳ

270 2566 475 2638 confirmabat,
486 2567 538 2624 ubi
549 2570 666 2624 mentio
676 2585 738 2623 non
748 2565 784 2623 fit
793 2569 927 2623 istorum.
956 2564 1065 2638 Itaque
1076 2570 1170 2626 istum

269 2688 328 2740 ego
356 2668 456 2726 locum
481 2667 612 2753 totidem
636 2668 736 2726 verbis
760 2688 778 2724 a
803 2666 989 2725 Dicaearcho
1013 2669 1166 2728 transtuli.

270 2756 465 2828 “Phliasios’'
481 2777 585 2828 autem
599 2769 660 2827 dici
674 2770 816 2840 sciebam,
827 2774 860 2827 et
874 2773 919 2827 ita
932 2768 980 2827 fac
990 2775 1028 2828 ut
1038 2768 1169 2840 habeas;

269 2890 324 2929 nos
338 2870 462 2943 quidem
483 2874 525 2928 sic
546 2870 701 2928 habemus.
745 2870 808 2929 Sed
827 2874 926 2942 primo
946 2889 996 2927 me
1020 2868 1170 2943 ἀναλογία

268 2968 442 3039 deceperat,
465 2965 582 3037 Φλιοῦς,
603 2964 718 3035 Ὀποῦς,
745 2965 855 3036 Σιποῦς,
883 2966 965 3037 quod
988 2960 1167 3038 Ὀπούντιοι,

268 3061 439 3139 Σιποῦντιοι.
485 3061 547 3122 Sed
561 3062 620 3121 hoc
634 3065 779 3120 continuo
794 3065 984 3120 correximus.

310 3156 431 3220 Laetari
442 3166 475 3217 te
486 3167 589 3218 nostra
602 3157 810 3219 moderatione
822 3163 855 3217 et
865 3161 1056 3218 continentia
1066 3158 1165 3219 videa

352 3263 413 3315 444
