2484 3854
458 301 627 361 MARCUS
649 299 831 360 TULLIUS
853 300 1003 361 CICERO

285 435 430 493 Metellus
445 436 548 493 consul
563 434 747 505 designatus.
766 434 867 506 ⁴Atqui
882 421 964 492 erat¹
979 434 1122 503 dicturus,
1137 433 1175 490 ad

285 539 376 590 quem
398 526 522 590 propter
545 519 606 576 diei
629 519 810 576 brevitatem
832 525 1013 590 perventum
1036 537 1097 575 non
1120 525 1182 586 est,
1235 510 1236 567 ἶ

285 601 374 659 heros
388 601 439 659 ille
454 611 558 660 noster
572 603 654 659 Cato.
699 602 748 660 Sic
763 621 821 672 ego
836 621 1015 677 conservans
1029 605 1175 658 rationem

285 688 569 756 institutionemque
588 692 731 743 nostram,
743 692 840 754 tueor,
855 693 891 742 ut
911 704 1042 757 possum,
1057 683 1138 741 illam
1158 704 1176 740 a

285 789 335 827 me
350 769 590 839 conglutinatam
604 768 801 825 concordiam.
835 764 896 826 Sed
910 775 1024 838 tamen,
1036 771 1176 839 quoniam

285 857 344 909 ista
357 861 429 910 sunt
442 860 506 910 tam
520 853 646 922 infirma,
661 855 797 909 munitur
810 851 959 922 quaedam
973 852 1059 909 n'obis
1073 850 1112 908 ad
1130 869 1176 908 re·

285 936 427 993 tinendas
441 955 513 1007 opes
533 943 649 993 nostras
668 942 745 1005 tuta,
761 943 796 992 ut
814 938 989 1006 spero,·via;
1011 954 1101 1005 quam
1121 934 1177 991 tibi

286 1019 396 1077 litteris
407 1023 479 1076 satis
491 1019 640 1091 explicare
650 1038 712 1075 non
720 1038 851 1090 possum,
861 1017 1080 1088 significatione
1089 1037 1178 1088 parva
1230 1046 1236 1077 r

189 1146 193 1151 .
286 1102 444 1160 ostendam
453 1111 565 1160 tamen.
580 1102 659 1161 Utor
669 1102 812 1173 Pompeio
821 1100 1057 1159 familiarissime.
1072 1101 1177 1171 Video,

286 1186 359 1257 quid
368 1186 458 1244 dicas.
472 1187 600 1255 cavebo,
610 1205 687 1256 quae
696 1194 768 1243 sunt
777 1185 919 1254 cavenda,
928 1205 963 1241 ae
972 1185 1099 1242 scribam
1107 1183 1180 1242 alias
1198 1178 1202 1183 ’

286 1269 326 1326 ad
334 1277 367 1327 te
376 1269 415 1326 de
424 1274 499 1327 meis
509 1269 639 1326 consiliis
649 1268 851 1343 capessendae
860 1273 905 1326 rei
912 1268 1051 1341 publicae
1060 1266 1153 1339 plura.

329 1352 493 1410 Lucceium
503 1357 579 1409 scito
593 1352 782 1410 consulatum
796 1352 909 1410 habere
922 1355 955 1408 in
966 1355 1067 1408 antmo
1077 1353 1182 1408 statim

287 1444 401 1506 petere.
446 1436 516 1493 Duo
545 1433 627 1493 enim
655 1435 710 1493 soli
738 1435 881 1493 dicuntur
909 1439 1044 1507 petituri,
1073 1435 1183 1492 Caesar

287 1507 370 1588 (cum
385 1539 422 1576 eo
441 1524 521 1576 coire
540 1539 595 1590 per
614 1519 736 1576 Anium
751 1507 879 1589 cogitat)
899 1527 932 1577 et
954 1517 1079 1576 Bibulus
1098 1505 1183 1586 (cum

287 1602 345 1659 hoc
360 1622 392 1661 se
407 1610 495 1674 putat
509 1622 564 1674 per
575 1604 606 1660 C.
621 1602 761 1660 Pisonem
774 1622 862 1674 posse
873 1589 1037 1672 coniungi).
1072 1600 1184 1659 Rides?

288 1686 359 1744 Non
373 1692 445 1743 sunt
458 1686 534 1743 haec
548 1686 684 1755 ridicula,
698 1686 774 1742 mihi
788 1686 886 1744 crede.
914 1684 998 1757 Quid
1012 1684 1094 1742 aliud
1109 1690 1182 1742 scri-

216 1766 218 1769 ’
288 1769 358 1826 bam
371 1768 410 1827 ad
429 1777 472 1840 te,
487 1769 580 1840 quid?
623 1768 722 1826 Multa
737 1777 818 1839 sunt,
833 1769 887 1826 sed
907 1773 939 1825 in
953 1768 1036 1826 aliud
1050 1777 1181 1839 tempus
1233 1773 1236 1779 ”

214 1917 219 1926 ,
265 1863 268 1869 ’
290 1839 305 1905 †
323 1843 710 1925 exspectarelveliaeures
721 1860 756 1909 ut
768 1857 867 1910 sciam.
885 1850 1034 1909 Iamillud
1043 1851 1183 1910 modeste

288 1935 371 2007 rogo,
391 1935 472 2007 quod
493 1939 624 1994 maxime
643 1940 741 2007 cupio,
761 1944 797 1993 ut
815 1956 906 2006 quam
925 1940 1055 2007 primum
1069 1939 1182 1993 venias

289 2020 384 2078 NonIs
400 2019 627 2077 Decembribus.

683 2114 790 2172 XVIII

588 2217 692 2255 c1csno
707 2216 813 2255 arnco
827 2217 884 2254 san

77 2287 135 2345 Ser.
147 2287 198 2344 XI
206 2287 273 2345 Kal.
331 2282 416 2339 Nihil
430 2282 505 2339 mihi
522 2303 604 2339 nune
619 2285 694 2356 scito
708 2289 772 2339 tam
791 2281 898 2340 deesse
917 2301 1008 2352 quam
1027 2280 1187 2348 hominem

78 2369 159 2428 Febr.
175 2391 200 2428 α.
215 2372 277 2440 694
290 2387 369 2443 eum,
385 2354 514 2437 quocum
534 2369 643 2435 omma,
658 2385 735 2436 quae
755 2385 805 2422 me
820 2357 891 2445 cusa
909 2364 1009 2435 aliqua
1027 2363 1187 2453 adficiunt,

257 2484 261 2491 ·
289 2470 350 2517 uno
370 2453 558 2507 communice
591 2452 666 2520 ‚qui
689 2469 739 2506 me
759 2456 851 2523 amet,
866 2452 919 2519 qui
938 2451 1043 2519 sapiat,
1061 2451 1189 2518 quicum
1235 2458 1236 2497 ἰ

290 2553 348 2609 ego
362 2553 399 2599 cu
445 2470 650 2633 loquarssihil
670 2532 791 2603 fingam,
806 2531 882 2589 nibil
897 2530 1092 2601 dissimulem,
1107 2531 1188 2589 nihil
1235 2556 1236 2613 t

323 2553 431 2706 ’qdkl
451 2648 462 2690 t
478 2641 558 2691 MSS.
572 2630 681 2691 Hosius’
692 2642 835 2691 correction
848 2640 911 2704 quin
929 2647 989 2689 erat
1006 2656 1070 2704 moy
1081 2641 1144 2688 well
1160 2641 1192 2691 bo

291 2708 371 2771 right.
414 2708 474 2756 But
491 2709 510 2757 I
524 2706 595 2757 have
612 2707 746 2757 ventured
764 2711 789 2755 to
805 2711 915 2770 suggest
933 2706 1018 2769 atqui,
1038 2707 1195 2783 suppostng

290 2774 353 2822 that
367 2773 412 2822 the
428 2774 483 2822 last
498 2778 548 2822 two
564 2774 654 2822 letters
669 2773 704 2836 of
714 2772 878 2836 desIgnatus
890 2788 957 2821 were
973 2772 1082 2820 written
1100 2788 1132 2820 m
1151 2789 1193 2822 an
1235 2822 1236 2827 ,

290 2839 463 2888 abbreviated
463 2841 549 2904 form,
563 2840 622 2887 and
632 2838 675 2888 the
687 2844 737 2887 two
748 2839 800 2887 at's
811 2854 885 2887 caure
897 2838 1020 2900 together.

322 2914 446 2980 2Τγννιῖί
461 2918 538 2966 reads
556 2918 583 2966 Si
601 2924 762 2980 exspectare
778 2916 855 2974 velis,
865 2916 1009 2980 following
1017 2915 1107 2973 Klots,
1121 2917 1194 2965 with

291 2982 335 3031 the
350 2983 482 3047 meaning
496 2984 559 3048 “If
567 2999 623 3047 you
643 2987 764 3031 meanto
782 2983 887 3030 remaiu
907 2981 1003 3030 absent
1009 2979 1082 3044 from
1104 2981 1194 3031 Rome

291 3049 336 3098 till
345 3065 403 3112 you
419 3049 485 3097 hear
497 3050 571 3113 from
590 3065 631 3096 me
647 3048 762 3112 agoin.”
796 3047 893 3098 Others
909 3051 1016 3111 suggest
1035 3045 1077 3094 Tu
1094 3045 1142 3095 Iac
1161 3057 1194 3096 ut

289 3113 400 3178 quando
408 3130 458 3163 nos
467 3122 493 3163 te
503 3120 664 3178 exspectare
672 3114 768 3178 orQuo
781 3129 830 3162 nos
843 3122 870 3162 te
882 3119 1003 3176 tempore
1012 3118 1192 3176 exspectare.

289 3180 349 3230 But
358 3197 426 3230 noue
437 3182 472 3245 of
475 3182 546 3230 these
558 3181 582 3229 r‘s
593 3196 658 3244 very
669 3179 839 3243 convincing.

373 3263 413 3322 74
