2494 3854
444 302 615 364 MARCUS
636 304 818 366 TULLIUS
841 307 991 366 CICERO

570 696 674 734 CICERO
688 697 794 736 amco
809 697 866 736 SAL.

58 786 261 845 Sociorum
314 783 515 856 Obsignaram
543 789 603 843 iam
629 787 790 859 epistulam
815 806 893 859 eam,
919 807 1009 858 quam
1031 794 1107 858 puto
1134 794 1167 845 te
1241 828 1242 871 }

59 871 98 928 “d
110 869 239 942 Cybiilm
271 892 362 950 modo
383 892 548 965 perlegisse
570 898 714 966 scriptam
735 916 803 954 mea
824 916 926 967 manu,
941 900 973 953 in
991 915 1050 967 qua
1067 898 1168 952 omnia
1241 880 1242 921 ³

272 1005 478 1074 continentur,
493 1023 563 1060 cum
583 1004 683 1061 subito
703 1004 833 1105 Apellae
852 1004 1028 1062 tabellarius
1048 1023 1073 1060 a.
1091 1003 1120 1061 d.
1137 1022 1167 1060 xi
1238 1004 1241 1051 l

273 1106 339 1163 Kal.
357 1106 506 1165 Octobres
520 1112 650 1178 septimo
665 1108 895 1179 quadragesimo
910 1107 961 1166 die
979 1108 1073 1165 Roma
1087 1107 1168 1166 celc-

271 1194 346 1278 riter
360 1206 427 1288 (hui
441 1227 505 1277 tam
519 1208 640 1291 longel)
655 1219 730 1278 mihi
744 1228 811 1278 tuas
825 1220 943 1278 litteras
954 1219 1097 1278 reddidit.
1122 1218 1169 1277 Ex

272 1329 381 1399 quibus
402 1304 468 1385 non!
486 1327 603 1399 dubito,
621 1332 695 1399 quin
716 1336 752 1385 tu
773 1328 953 1400 ‚Pompeium
974 1332 1170 1400 exspectaris

59 954 111 1012 XI
121 953 158 1012 K.
175 953 233 1013 002.

60 1058 86 1096 a.
100 1039 160 1096 703

272 1435 346 1493 dum
356 1435 494 1493 Arimino
509 1437 634 1506 rediret,
644 1444 677 1494 et
690 1440 751 1494 iam
765 1440 797 1493 in
812 1436 938 1508 Epirum
952 1436 1108 1508 profectus
1119 1440 1169 1507 sis,

271 1548 427 1615 magisque
442 1564 557 1616 vereor,
572 1553 607 1603 ut
627 1546 740 1616 scribis,
755 1565 795 1602 ne
809 1549 840 1602 in
861 1544 954 1616 Epiro
968 1545 1115 1602 sollicitus
1130 1549 1170 1602 sis

271 1670 334 1709 non
348 1655 458 1723 minuS,
473 1673 563 1724 quam
578 1673 633 1711 nos
647 1652 697 1710 hic
712 1672 822 1710 sumus

314 1760 362 1818 De
391 1760 526 1818 Atiliano
550 1766 674 1819 nomine
699 1765 803 1832 scripsi
827 1761 866 1818 ad
896 1761 1103 1832 Philotimum,
1129 1780 1170 1818 ne

271 1868 440 1939 appellaret
463 1869 644 1927 Messallam.
690 1869 812 1927 Itineris
831 1873 927 1926 nostri
946 1869 1058 1926 famam
1075 1869 1115 1927 ad
1136 1877 1170 1927 te
1233 1850 1239 1931 l

271 1980 444 2049 pervenisse
458 1977 556 2035 laetor
566 1983 723 2050 magisque
738 1978 882 2048 laetabor,
895 1981 920 2034 si
931 1977 1047 2048 reliqua
1057 1998 1170 2048 cogno·
1240 2022 1241 2025 1

272 2088 320 2151 ris,
364 2085 500 2142 Filiolam
524 2094 608 2143 tuam
633 2087 690 2144 tibi
715 2105 814 2142 caram
842 2071 893 2142 ac1
916 2086 1079 2143 iucundam
1103 2104 1170 2143 esse

271 2193 400 2265 gaudeo,
416 2214 543 2265 eamque
563 2214 654 2265 quam
668 2214 834 2265 numquam
848 2192 920 2263 vidi,
935 2201 1040 2250 tamen
1054 2201 1088 2251 et
1102 2212 1171 2251 amo

272 2309 305 2360 et
319 2301 480 2359 amabilem
491 2322 556 2360 esse
572 2310 656 2360 certo
670 2306 739 2360 scio.
769 2301 870 2359 Etiam
880 2308 973 2372 atque
988 2305 1081 2359 etiam
1093 2301 1170 2359 vale.

315 2410 363 2468 De
380 2410 509 2467 Patrone
524 2418 557 2468 et
572 2416 632 2468 tuis
644 2409 857 2482 condiscipulis
868 2429 946 2481 quae
958 2409 997 2468 de
1012 2413 1173 2481 parietinis

273 2523 304 2576 in
320 2518 428 2577 Melita
447 2519 588 2590 laboravi,
604 2539 640 2577 ea
654 2520 711 2577 tibi
725 2525 812 2589 grata
826 2537 892 2576 esse
906 2518 1033 2589 gaudeo.
1079 2516 1174 2590 Quod
1241 2582 1242 2585 ,

273 2628 377 2685 scribis
391 2627 508 2685 libente
520 2634 552 2684 te
563 2627 715 2699 repulsam
729 2626 835 2684 tulisse
847 2629 927 2697 eum,
939 2629 991 2697 qui
1006 2646 1075 2683 cum
1091 2646 1174 2685 soro·

274 2738 314 2792 ris
335 2742 406 2793 tuae
428 2735 481 2792 lilii
502 2742 610 2807 patruo
632 2739 766 2805 certarit,
783 2738 887 2806 magni
908 2738 1017 2791 amoris
1039 2737 1173 2805 signum.

276 2842 384 2913 Itaque
395 2863 445 2900 me
457 2847 550 2900 etiam
560 2842 753 2913 admonuisti,
765 2850 801 2899 ut
814 2842 995 2913 gauderem,
1009 2861 1083 2898 nam
1097 2843 1176 2902 mihi

275 2954 308 3007 in
322 2957 459 3008 mentem
473 2970 534 3007 non
550 2957 682 3008 venerat.
724 2936 820 3007 “Non
834 2949 955 3021 credo,’'
971 2952 1080 3019 inquis.
1129 2952 1176 3010 Ut

279 3063 416 3178 Τῑοειῖῗω
438 3079 470 3113 ac
490 3059 609 3114 Mulier:
632 3064 685 3113 iam
707 3063 810 3113 Romae
828 3058 932 3112 MSS:
955 3068 1011 3112 tam
1032 3069 1174 3113 moratam

294 3145 360 3193 yrre
382 3165 388 3179 .

360 3234 420 3294 886
