2526 3850
467 338 637 398 ulricus
658 339 840 401 TULLIUS
863 311 1013 400 cronno

293 455 420 520 Antium
435 469 469 520 et
484 461 648 519 Favonium
665 461 761 520 libere
779 481 885 532 nem03
903 482 974 519 nam
991 462 1066 520 Cato
1083 481 1183 533 aegro

292 576 346 627 tat.
381 568 490 628 Deme
504 568 581 626 nihil
596 572 743 640 timueris,
754 569 809 628 sed
823 578 928 628 tamen
942 574 1086 642 promitto
1100 569 1181 626 nihil.
1241 610 1242 641 ,

335 677 418 751 Quid
429 677 659 749 quaerisaliud?
690 678 816 750 Iudicia,
828 679 927 737 credo.
961 678 1086 750 Drusus,
1097 677 1183 737 Scau-
1241 654 1242 657 Ἴ

292 808 343 846 rus
365 807 427 844 non
450 786 558 844 fecisse
581 785 731 844 videntur.
777 785 851 846 Tres
877 785 1031 845 candidati
1056 786 1119 844 fore
1142 789 1183 842 rei
1240 806 1242 823 ¹

292 896 487 968 putabantur,
503 894 656 951 Domitius
667 915 685 950 a
697 895 854 966 Memmio,
867 895 1009 953 Messalla
1021 916 1039 952 a
1050 893 1087 967 Q.
1101 893 1183 951 Pom·
1241 954 1242 991 1

292 1008 361 1076 peio
378 1003 465 1075 Rus0,
481 1000 609 1062 Scaurus
623 1024 641 1059 a
655 1001 770 1060 Triario
781 1011 835 1061 aut
845 1025 862 1060 a
874 1002 908 1060 L.
922 1004 1056 1062 Caesare.
1080 989 1185 1073 “Quid
1241 996 1242 1077 ᾗ

292 1113 435 1184 poteris‚”
459 1114 588 1182 inquies,
615 1096 695 1181 “pro
716 1114 752 1167 iis
774 1111 920 1172 dicere?''
965 1112 1013 1170 Ne
1036 1116 1140 1181 vivam,
1161 1114 1186 1167 si
1240 1114 1242 1235 4

292 1226 368 1290 scio;
383 1225 416 1277 in
433 1221 492 1277 illis
510 1219 634 1290 quidem
655 1219 752 1277 tribus
774 1219 867 1291 libris,
891 1240 965 1291 quos
987 1228 1022 1278 tu
1043 1218 1186 1289 dilaudaS,
1241 1248 1242 1287 3

292 1330 367 1388 nihil
382 1333 508 1403 reperio.
913 1343 915 1348 ·

334 1438 489 1509 Cognosce
514 1443 624 1493 cetera.
670 1436 716 1493 Ex
740 1436 841 1495 fratris
866 1438 977 1496 litteris
1002 1436 1189 1495 incredibilia
1241 1460 1242 1489 l

292 1544 441 1617 quaedam
463 1545 503 1602 de
527 1544 660 1602 Caesaris
683 1548 716 1601 in
738 1565 788 1602 me
811 1565 913 1604 amore
937 1549 1072 1616 cognovi,
1092 1565 1188 1616 eaque

291 1663 363 1714 sunt
391 1658 484 1727 ipsius
513 1653 647 1710 Caesaris
676 1653 835 1712 uberrimis
864 1654 975 1714 litteris
1004 1653 1186 1712 confirmata.

292 1764 459 1821 Britannici
484 1761 558 1818 belli
586 1765 686 1819 exitus
716 1769 925 1833 exspectatun
958 1769 1076 1821 constat
1106 1766 1188 1836 enim
1241 1794 1242 1831 ,

291 1872 391 1930 aditus
406 1870 522 1928 insulae
537 1889 602 1927 esse
614 1857 759 1927 muratosl
770 1869 902 1927 mirificis
913 1871 1048 1928 molibus.
1087 1870 1189 1928 Etiam

291 1979 368 2037 illud
382 1981 442 2035 iam
456 1981 613 2047 cognitum
629 1984 686 2048 est,
701 1998 801 2049 neque
816 1982 936 2049 argenti
948 1977 1112 2052 scripulum
1124 1998 1189 2037 esse
1241 1956 1242 2025 Ῐ

292 2089 389 2146 ullum
408 2092 440 2145 in
457 2088 509 2144 illa
526 2086 624 2143 insula
643 2106 743 2157 neque
763 2086 857 2144 ullam
876 2108 962 2160 spem
980 2087 1110 2159 praedae
1131 2091 1188 2145 nisi

292 2213 330 2250 ex
349 2194 522 2262 mancipiis3
543 2209 581 2246 ex
601 2189 712 2260 quibus
734 2188 833 2247 nullos
854 2198 929 2260 puto
950 2198 982 2248 te
1003 2189 1115 2248 litteris
1136 2198 1190 2248 aut

291 2272 412 2352 musicis
426 2291 560 2349 eruditos
576 2273 761 2361 exspectare.

334 2393 444 2452 Paulus
463 2396 495 2449 in
510 2390 612 2449 medio
627 2389 692 2453 foro
712 2390 865 2448 basilicam
884 2395 944 2448 iam
964 2408 1060 2462 paene
1081 2390 1191 2450 refecit
1241 2448 1242 2453 ,

291 2497 388 2555 isdem
405 2497 537 2565 antiquis
555 2492 713 2563 columnis,
728 2491 811 2548 illam
827 2499 941 2564 autem,
961 2512 1051 2563 quam
1068 2491 1190 2562 locavit,

291 2599 365 2656 facit
385 2595 721 2668 magnificentissimam.
767 2590 851 2664 Quid
872 2594 1007 2664 quaeris?
1029 2593 1107 2651 nihil
1122 2615 1190 2666 gra·
1241 2646 1242 2677 ,

219 2758 223 2764 ,
291 2705 351 2759 tius
362 2699 415 2757 illo
425 2689 636 2766 monumento,
647 2694 724 2752 nihil
735 2693 901 2764 gloriosius.
935 2694 1043 2764 ltaque
1055 2695 1192 2753 Caesaris
1241 2740 1242 2769 ,

291 2806 389 2873 amici,
404 2821 454 2859 me
468 2799 537 2857 dico
552 2805 585 2855 et
596 2796 742 2868 Oppium,
754 2795 933 2866 dimmparis
944 2797 1028 2867 licet,
1039 2800 1071 2859 in
1081 2812 1191 2854 monu-
1241 2784 1242 2823 ³

291 2912 430 2963 mentum
451 2900 537 2971 illud,
555 2897 637 2970 quod
658 2905 692 2954 tu
714 2896 823 2954 tollere
844 2895 983 2955 laudibus
1005 2896 1134 2969 solebaS,
1157 2904 1192 2956 ut
1241 2960 1242 2965 ἵ

290 3007 390 3065 forum
404 3004 572 3061 laxaremus
587 3006 620 3057 et
634 3017 730 3069 usque
745 2997 784 3055 ad
795 3000 906 3054 atrium
918 2996 1082 3056 Libertatis
1093 2998 1192 3071 expli·
1241 3024 1242 3051 ;

291 3127 436 3177 caremus
452 3104 689 3173 contempsimus
700 3102 875 3180 „sexcenties
890 3098 945 3157 HS
953 3117 961 3167 ;
983 3119 1052 3156 cum
1063 3103 1192 3170 privatis

348 3207 354 3234 ¹
373 3209 495 3255 muratos
500 3199 618 3272 junius,
640 3196 744 3260 Tyrrell
752 3213 762 3246 ι,
777 3195 891 3245 miratos
902 3196 951 3243 M:
969 3195 1086 3245 munitos
1097 3196 1132 3245 E.

375 3300 437 3353 324
