2512 3958
69 2551 128 2608 Sor.
141 2552 248 2609 Romae

71 2643 134 2692 urite
149 2635 192 2692 ld.

70 2715 151 2776 Febr.
170 2720 231 2776 687

446 453 625 513 ..MARCUS
645 452 829 513 TULLIUS
850 452 1001 511 CICERO

273 592 381 651 'animo
398 588 540 659 habebas,
556 589 598 645 M.
618 588 743 646 Fontius
763 593 838 646 emit
859 585 914 646 HS
935 600 1081 646 ccclooo
1093 588 1171 646 W.
1209 591 1227 650 h

278 684 318 742 ld
335 691 367 742 te
383 687 458 742 scire
473 684 563 754 volui,
578 684 690 755 siquid
711 684 789 741 forte
805 704 841 741 ea
854 703 903 741 res
917 683 956 740 ad
976 685 1173 752 cogitationes
1210 689 1237 750 bn

280 788 347 837 tuas
370 784 546 852 pertineret.
592 779 725 851 Quintus
753 779 857 849 frater,
881 787 916 836 ut
944 777 1019 835 mihi
1045 776 1173 848 videtur,
1211 806 1231 845 we

269 869 340 946 ‘quo
360 875 496 933 volumus
518 879 628 945 animo,
649 878 747 933 estin
771 873 977 946 Pomponiam,
995 881 1028 931 et
1049 893 1118 930 cum
1139 893 1174 931 ea
1213 889 1237 942 ast

280 975 409 1028 nuncin
423 970 620 1041 Arpinatibus
634 970 764 1042 praediis
779 976 854 1040 erat,
870 978 903 1028 et
922 988 1024 1042 secum
1043 967 1175 1027 habebat
1214 985 1237 1039 rit

280 1064 435 1123 hominem
461 1066 660 1137 χρηστομαθῆ,
683 1065 720 1122 D.
745 1064 932 1123 Turranium.
978 1063 1069 1122 Pater
1089 1065 1175 1122 nobis
1216 1074 1237 1133 sat

262 1166 411 1224 decessit
424 1187 449 1223 a.
463 1166 491 1224 d.
506 1166 550 1224 IV
566 1166 631 1223 Kal.
649 1166 723 1225 Dec.

322 1264 410 1320 Haec
429 1262 578 1320 habebam
598 1262 672 1333 fere,
688 1282 766 1334 quae
781 1269 813 1319 te
832 1264 908 1319 scire
922 1261 1040 1319 vellem.
1058 1260 1104 1318 Tu
1124 1280 1175 1319 ve·
1218 1287 1237 1326 a

279 1358 342 1429 lim,
364 1363 389 1416 si
412 1378 471 1429 qua
493 1366 671 1416 ornamenta
694 1356 877 1429 γυμνασιώδη
900 1361 1033 1428 reperire
1052 1360 1175 1427 poteris
1226 1369 1232 1421 i

271 1473 356 1527 ,quae
371 1453 429 1510 loci
444 1457 505 1511 sint
520 1458 594 1523 eius,
609 1473 701 1524 quem
715 1461 750 1511 tu
765 1473 827 1509 non
842 1457 971 1522 ignoras,
987 1472 1026 1509 ne
1041 1460 1175 1524 praeter·
1222 1480 1237 1518 a

279 1553 390 1606 mittas
436 1549 498 1606 Nos
513 1548 683 1607 Tusculano
697 1553 740 1606 ita
758 1548 954 1619 delectamur,
970 1556 1005 1606 ut
1024 1549 1175 1608 nobismet
1224 1554 1237 1612 l

271 1647 351 1719 ,ipsis
375 1652 442 1701 tum
470 1644 613 1714 denique,
643 1664 712 1705 cum
740 1643 793 1700 illo
821 1648 969 1714 venimuS,
994 1643 1172 1714 placeamus.
1228 1650 1235 1707 l

270 1738 363 1810 ¹Quid
377 1760 448 1810 agas
463 1739 602 1797 omnibus
617 1740 655 1797 de
670 1740 770 1809 rebuS,
786 1747 819 1798 et
834 1738 908 1810 quid
927 1747 1048 1798 acturus
1064 1744 1112 1809 sis,
1128 1740 1175 1797 fae
1229 1769 1237 1805 a

229 1888 232 1893 ,
280 1854 334 1901 nos
349 1854 439 1905 quam
454 1835 685 1907 diligentissime
700 1839 850 1893 certiores

695 2367 755 2424 VII

579 2482 683 2520 cronno
698 2482 803 2520 arrico
818 2482 875 2519 sau.

323 2558 415 2631 Apud
440 2567 570 2616 matrem
592 2567 756 2630 recteest,
781 2578 876 2630 eaque
899 2560 985 2616 nobis
1008 2578 1097 2617 curae
1120 2569 1175 2618 est.
1223 2574 1224 2577 ’

283 2655 316 2712 L.
334 2655 437 2712 Cincio
459 2655 514 2713 HS
535 2655 627 2713 x'‘xcn
649 2659 791 2713 constitui
811 2675 861 2713 me
876 2663 1053 2712 curaturum
1073 2654 1179 2714 Idibus

283 2751 368 2808 Febr.
413 2750 460 2807 Tu
482 2735 572 2807 velim
596 2770 640 2820 ea,
663 2770 739 2821 quae
760 2744 849 2808 ¹nobis
874 2756 982 2808 emisse
1004 2759 1037 2809 et
1057 2771 1179 2821 parasse
1227 2818 1228 2825 χ

281 2846 394 2916 scribiS,
409 2845 464 2904 des
487 2866 610 2916 operam
633 2854 781 2917 utquam
804 2851 936 2918 primum
955 2846 1129 2917 habeamus
1145 2855 1180 2905 et

281 2942 373 2999 velim
394 2947 519 3014 cogites,
539 2943 571 3000 id
593 2942 674 3013 quod
696 2942 771 2999 mihi
793 2942 945 3015 pollicitus
967 2963 1008 3014 es,
1024 2962 1115 3013 quern
1138 2943 1179 3001 ad
1228 2938 1229 2949 ¹

280 3037 404 3095 modum
419 3037 634 3096 bibliothecam
645 3039 731 3097 nobis
746 3039 892 3097 conficere
906 3042 1008 3110 possis.
1044 3038 1179 3097 Omnem

281 3154 365 3206 spem
386 3134 597 3207 delectationis
617 3143 747 3205 nostrae,
762 3155 862 3206 quam,
879 3142 949 3192 c'um
965 3138 997 3191 in
1015 3138 1112 3192 otium
1126 3155 1179 3192 ve-

280 3234 423 3300 nerimuS,
439 3229 551 3288 habere
566 3230 712 3301 volumuS,
728 3235 760 3287 in
774 3239 828 3289 tua
842 3230 1032 3288 humanitate
1047 3234 1179 3301 positam

280 3325 433 3383 habemus

361 3415 402 3470 ].8
