2484 3854
437 303 606 364 MARCUS
628 304 810 364 TULLIUS
832 303 982 362 CICERO

262 446 352 496 quam
378 426 490 483 Romae
514 425 614 484 fuisse.
664 425 711 483 Tu
734 445 806 483 vero
827 430 993 497 sapientior
1016 426 1161 486 Buthroti

262 545 386 603 domum
409 551 529 616 parasti.
575 545 646 616 Sed,
670 545 745 603 mihi
769 545 869 616 crede,
888 550 1024 617 proxima
1045 554 1093 605 est
1114 546 1160 604 illi

263 669 426 736 municipio
443 665 519 723 haec
536 665 709 724 Antiatium
727 670 840 723 civitas
886 666 960 724 Esse
978 666 1078 724 locum
1095 675 1160 724 tam

263 805 356 857 prope
373 785 507 855 Romam,
517 788 569 844 nbi
583 787 672 844 multi
684 791 755 858 sint,
765 791 817 857 qni
827 787 982 845 Vatinium
995 807 1161 859 numquam
1238 776 1239 779 ¹

263 905 404 977 viderint,
419 906 471 964 ubi
486 927 578 964 nemo
592 911 632 964 sit
646 915 767 978 praeter
782 926 842 977 me,
856 912 908 978 qui
923 927 1107 979 quemquam
1123 928 1163 966 ex

263 1030 370 1096 viginti
386 1031 455 1084 viris
470 1032 570 1084 vivum
585 1035 618 1085 et
632 1013 846 1097 salvum‘veiit,
858 1028 910 1084 ubi
922 1047 972 1085 me
984 1028 1164 1100 interpellet

262 1167 363 1217 nemo,
372 1147 503 1219 diligant
511 1150 632 1206 omnes!
665 1149 736 1218 Hic,
748 1148 798 1204 hic
808 1152 951 1207 nimimm
962 1147 1164 1219 πολιτευτέον;

264 1288 335 1325 nam
359 1272 426 1325 istic
449 1289 511 1325 non
534 1268 631 1325 solum
656 1287 717 1325 non
743 1268 825 1337 licet,
850 1268 904 1326 sed
928 1273 1021 1326 etiam
1043 1269 1160 1328 taedet.

265 1386 372 1458 ltaque
388 1386 535 1457 ἀνέκδστα,
550 1408 628 1458 quae
643 1389 700 1446 tibi
718 1392 771 1445 uni
788 1389 935 1460 legamus
953 1389 1164 1462 Theopompio

264 1527 379 1579 genere
394 1516 447 1565 aut
459 1513 551 1566 etiam
562 1513 712 1580 asperiore
724 1509 822 1565 multo
832 1517 1013 1581 pangentur.
1052 1510 1163 1581 Neque

265 1610 347 1686 aliud
362 1634 421 1686 iam
439 1634 600 1701 quicquam
614 1628 802 1700 πολιτεύομαι
820 1634 877 1687 nisi
895 1630 993 1688 odisse
1011 1632 1165 1702 improbos

265 1757 297 1808 et
313 1749 345 1807 id
360 1754 458 1821 ipsum
473 1749 557 1808 nullo
572 1770 641 1807 cum
657 1749 822 1820 stomacho,
838 1750 892 1808 sed
906 1755 1007 1822 potius
1024 1770 1094 1808 cum
1108 1752 1165 1809 ali-

265 1890 325 1942 qua
341 1871 491 1928 scribendi
507 1870 672 1942 voluptate.

307 1992 369 2050 Sed
387 2000 421 2049 ut
438 1992 477 2049 ad
499 2012 574 2062 rem,
590 1996 693 2063 scripsi
715 1992 754 2049 ad
775 2001 950 2063 quaestores
971 1993 1101 2051 urbanos
1124 1995 1165 2052 de

266 2111 375 2184 Quinti
397 2112 497 2170 fratris
519 2117 651 2183 negotio.
698 2112 785 2182 Vide,
804 2112 877 2183 quid
899 2121 1032 2183 narrent,
1046 2133 1165 2188 ecquae

265 2253 333 2305 spes
351 2238 390 2291 sit
408 2234 534 2305 denarii,
553 2254 593 2291 an
611 2234 783 2305 cistophoro
802 2233 986 2306 Pompeiano
1002 2239 1162 2293 iaceamus.
1221 2222 1222 2225 Ἰ

267 2354 427 2411 Praeterea
441 2354 480 2411 de
495 2375 581 2411 muro
596 2363 696 2413 statue
712 2354 785 2427 quid
797 2354 972 2412 faciendum
983 2360 1030 2413 sit.
1069 2355 1165 2415 Aliud

265 2474 357 2546 quid?
394 2474 501 2532 Etiam.
541 2473 671 2546 Quando
685 2484 718 2534 te
733 2475 881 2548 proficisci
896 2480 985 2533 istinc
1000 2485 1099 2548 puteS,
1116 2476 1166 2535 fac

267 2602 301 2653 ut
313 2600 413 2652 sciam.
