2526 3850
434 297 604 357 MARCUS
625 296 808 357 TULLIUS
830 296 981 356 CICERO

259 437 319 492 que
333 419 414 478 malo
433 419 552 490 solacio,
567 419 623 477 sed
641 438 704 476 non
721 417 808 475 nullo
827 425 942 488 tamen,
957 418 1157 488 consolamur,

259 527 341 599 quod
354 531 448 600 ipsius
462 532 559 585 vicem
576 530 701 585 minime
721 525 869 597 dolemus,
883 546 945 583 non
963 534 999 585 ut
1018 526 1158 585 Saufeius

260 644 293 695 et
307 641 409 707 vestri,
425 635 479 694 sed
493 634 668 694 mehercule
684 639 754 706 quia
771 639 814 692 sic
831 635 951 692 amabat
968 639 1107 707 patriam,
1122 642 1158 693 ut

259 745 335 803 mihi
348 744 449 815 aliquo
463 744 590 802 deorum
606 743 752 802 beneficio
767 743 906 801 videatur
921 763 958 801 ex
973 747 1038 801 eius
1051 748 1157 802 incen-

259 852 311 910 dio
336 870 402 911 esse
428 859 559 924 ereptus.
610 852 690 909 Nam
715 850 788 923 quid
813 851 932 909 foedius
957 859 1059 909 nostra
1085 857 1157 922 vita,

243 922 421 1033 braccipue
449 962 536 1018 mea?
579 960 659 1017 Nam
687 968 722 1017 tu
748 959 882 1031 quidem,
909 964 966 1018 etsi
992 980 1024 1018 es
1049 967 1158 1018 natura

258 1093 280 1126 π
298 1063 417 1140 λιτικός,
434 1076 539 1127 tamen
553 1068 669 1127 nullam
686 1068 780 1126 habes
798 1059 950 1140 propriaui
967 1073 1157 1139 servitutem,

259 1183 412 1235 communi
425 1174 534 1236 frueris
549 1166 706 1245 nomine¹3
729 1196 788 1248 ego
798 1196 880 1247 vero,
891 1181 953 1248 qui,
965 1181 990 1235 si
1000 1177 1107 1248 loquor
1117 1176 1159 1235 de

258 1305 291 1344 re
311 1285 441 1358 publica,
457 1286 539 1356 quod
558 1292 690 1357 oportet,
704 1289 838 1355 insanuS‚
854 1289 889 1355 si,
903 1285 985 1356 quod
1004 1305 1079 1357 opus
1100 1292 1158 1356 est,

259 1413 361 1451 servus
383 1398 548 1464 existimor,
566 1398 591 1452 si
612 1400 709 1476 tace0,
727 1413 887 1465 oppressus
909 1402 942 1451 et
964 1402 1080 1466 captus,
1098 1414 1159 1465 quo

216 1502 232 1572 l
259 1501 364 1560 dolore
390 1521 456 1560 esse
481 1501 599 1560 debeo?
643 1500 713 1573 Quo
736 1522 804 1560 sum
829 1501 956 1573 scilicet,
981 1502 1039 1560 hoc
1065 1507 1160 1562 etiam

258 1613 382 1680 acriore,
397 1609 479 1680 quod
498 1630 539 1668 ne
559 1609 665 1685 dolere
684 1611 809 1682 quidem
828 1631 959 1682 possum,
975 1619 1011 1669 ut
1030 1631 1092 1670 non
1112 1616 1160 1669 in-

258 1725 363 1789 gratus
377 1719 488 1777 videar.
534 1717 628 1790 Quid,
643 1723 668 1777 si
682 1739 799 1777 cessare
814 1718 910 1777 libeat
925 1726 958 1777 et
973 1724 1004 1776 in
1020 1725 1075 1777 otii
1090 1740 1160 1793 por-

259 1834 326 1893 tum
336 1826 521 1898 confugere?
552 1827 753 1898 Nequiquam.
786 1827 884 1885 Immo
896 1828 1161 1887 etiaminbellum

259 1942 291 1993 et
305 1940 338 1992 in
352 1942 456 1993 castra.
502 1936 584 2007 Ergo
599 1941 710 1994 erimus
726 1934 833 2006 ὀπαδοί,
851 1941 903 2008 qui
918 1935 1003 2008 ταγοὶ
1017 1942 1084 1995 'esse
1103 1958 1160 1995 no-

258 2044 388 2102 luimus?
423 2044 473 2103 Sic
484 2044 658 2103 faciendum
670 2053 727 2116 est,
738 2046 795 2102 tibi
807 2050 889 2103 enim
899 2049 956 2117 ipsi
967 2033 1030 2115 (cui
1040 2050 1161 2105 utinam

258 2173 379 2225 semper
407 2158 573 2226 paruissem
581 2141 603 2223 1)
632 2158 674 2211 sic
703 2154 792 2212 video
821 2154 949 2227 placere.
997 2155 1160 2226 Reliquum

259 2250 333 2318 iam2
349 2270 397 2320 est

454 2356 589 2428 Σπάρταν
603 2357 715 2430 ἔλαχες,
732 2357 841 2416 ταύταν
856 2357 963 2430 κόσμει.

260 2465 331 2523 Non
355 2464 531 2524 mehercule
556 2487 677 2538 possum
703 2475 736 2526 et
763 2466 929 2525 Philoxeno
951 2455 1088 2540 ignosc0,
1107 2474 1161 2540 qui
1191 2470 1195 2475 ’

260 2572 364 2631 reduci
378 2577 411 2630 iu
426 2594 579 2632 carcerem
595 2575 711 2634 maluit.
757 2575 871 2633 Verum
888 2583 991 2634 tamen
1009 2576 1041 2634 id
1057 2580 1161 2649 ipsum

259 2702 379 2740 mecum
401 2687 433 2739 in
455 2682 502 2740 his
522 2683 596 2741 locis
618 2690 816 2754 commentor,
838 2691 873 2741 ut
897 2689 956 2742 ista
980 2686 1161 2758 improbem,

259 2790 352 2861 idque
367 2798 412 2861 tu,
428 2811 497 2849 cum
511 2811 572 2849 una
587 2796 708 2861 erimuS,
724 2791 920 2850 confirmabis.

302 2899 330 2956 A
346 2906 378 2957 te
392 2899 510 2957 litteras
525 2902 631 2958 crebro
645 2900 685 2958 ad
699 2920 749 2957 me
764 2901 853 2957 scribi
868 2901 967 2972 video,
981 2902 1036 2960 sed
1054 2922 1162 2964 omnes

260 3027 322 3066 uno
336 3014 474 3079 tempore
488 3012 600 3080 accepi.
613 2993 617 2997 ’
646 3007 733 3080 Quae
748 3027 796 3067 res
811 3013 905 3067 etiam
922 3016 1007 3069 auxit
1023 3009 1162 3071 dolorem

419 3110 532 3159 'frueris
543 3111 651 3161 nomine
663 3103 741 3170 Pius;
759 3111 842 3161 fueris
854 3128 943 3163 nonne
957 3115 988 3162 M

454 3173 600 3241 ²reliquum
614 3178 667 3226 iam
682 3177 777 3236 Orelli}
795 3179 909 3243 reliquia
919 3180 961 3228 M.

344 3251 404 3313 286
