2512 3958
430 405 600 465 MARCUS
621 405 803 466 TULLIUS
825 406 975 465 CICERO

256 544 345 582 causa
363 529 396 582 in
415 530 473 584 ista
487 526 561 585 loca
583 531 691 585 missus
711 546 807 596 esses;
829 547 879 585 me
901 535 1004 585 autem
1025 547 1094 585 eum
1118 535 1151 584 et

255 619 399 679 offendes
405 641 477 693 erga
496 630 528 680 te
544 630 577 680 et
596 623 710 693 audieS,
725 627 810 694 quasi
823 622 908 693 mihi,
923 628 948 681 si
968 643 1045 694 quae
1064 630 1153 694 parta

175 753 179 760 ι
256 725 355 787 erunt,
370 737 433 774 uon
446 718 537 776 modo
551 726 584 776 te
598 727 769 790 praesente,
784 718 839 776 sed
858 738 913 791 per
926 727 959 777 te
978 727 1065 790 parta
1079 722 1148 776 sint.

43 1451 101 1509 Sor.
115 1452 222 1518 Romae

44 1534 137 1601 Quint.
152 1543 200 1593 aut

43 1619 116 1677 Sext.
130 1641 155 1678 a.
170 1621 210 1678 68
214 1621 232 1679 7

255 810 384 870 Tulliola
398 812 455 870 tibi
470 813 552 871 diem
565 813 628 885 dat,
643 834 818 886 sponsorem
831 835 881 872 me
895 814 1036 886 appellat.

680 1261 726 1320 XI

554 1376 658 1415 crcuno
672 1376 778 1415 eruco
792 1376 850 1415 aaa.

298 1452 339 1511 Et
352 1472 421 1510 mea
435 1461 544 1523 sponte
559 1452 706 1510 faciebam
721 1460 812 1511 antea
827 1460 859 1511 et
873 1459 942 1524 post
955 1451 1072 1510 duabus
1087 1456 1150 1524 epi-

254 1547 340 1606 stulis
355 1552 415 1605 tuis
435 1548 655 1618 perdiligenter
669 1552 700 1605 in
716 1548 844 1605 eandem
864 1551 1013 1605 rationem
1032 1551 1151 1619 scriptis

255 1663 366 1714 magno
380 1663 471 1715 opere
486 1663 553 1700 sum
568 1651 743 1701 commotus.
766 1643 811 1700 Eo
830 1643 996 1701 accedebat
1015 1643 1151 1700 hortator

254 1739 397 1797 adsiduus
418 1738 586 1810 Sallustius,
606 1746 641 1796 ut
660 1758 783 1808 agerem
806 1758 896 1809 quarn
919 1723 1150 1808 diligentissime
1201 1795 1205 1800 ,

256 1855 325 1892 curn
348 1835 479 1892 Lucceio
502 1835 540 1892 de
561 1842 660 1892 vestra
680 1842 784 1893 vetere
803 1838 900 1904 gratia
919 1834 1149 1892 reconcilianda.

256 1926 327 2002 Sed,
339 1951 408 1989 cum
423 1935 524 1987 omnia
538 1930 687 2000 fecissem,
699 1950 761 1987 non
775 1928 865 1986 modo
880 1950 947 1988 earn
962 1930 1150 1989 voluntatem
1249 1998 1251 2005 J

256 2031 329 2097 eius,
341 2046 418 2098 quae
430 2027 531 2084 fuerat
542 2045 614 2096 erga
623 2033 667 2096 te,
678 2044 856 2097 recuperare
868 2046 930 2085 non
940 2030 1036 2098 potui,
1045 2045 1150 2083 verum

255 2142 295 2179 ne
324 2141 443 2180 causam
477 2121 601 2192 quidem
631 2121 741 2179 elicere
770 2125 948 2179 immutatae
976 2122 1147 2179 voluntatis

255 2218 389 2276 Tametsi
408 2220 501 2276 iactat
520 2216 572 2274 ille
593 2216 717 2288 quidem
733 2216 809 2274 illud
829 2236 916 2274 suum
935 2216 1101 2287 arbitrium,
1118 2224 1150 2275 et

256 2334 300 2385 ea,
312 2334 389 2386 quae
401 2318 461 2371 iam
477 2321 553 2383 tum,
565 2333 635 2370 cum
645 2313 760 2383 aderas,
772 2304 925 2372 offendere
941 2317 1005 2371 eius
1015 2317 1149 2370 animum

254 2409 483 2481 intellegebam,
505 2417 610 2467 tamen
632 2409 727 2467 habet
748 2409 892 2480 quiddam
907 2408 1053 2480 profecto,
1068 2408 1149 2480 quod

255 2510 350 2576 magis
369 2509 401 2562 in
416 2508 517 2561 animo
531 2508 596 2562 eius
614 2504 771 2574 insederit,
786 2504 868 2575 quod
886 2524 986 2576 neque
1001 2503 1149 2576 epistulae

254 2609 326 2661 tuae
340 2621 440 2673 neque
455 2607 558 2658 nostra
571 2599 725 2670 adlegatio
739 2607 802 2657 tam
815 2607 918 2671 potest
932 2600 1020 2659 facile
1035 2599 1148 2672 delere,

254 2717 346 2769 quam
359 2704 395 2755 tu
413 2715 555 2769 praesens
570 2715 631 2753 non
646 2695 736 2754 modo
756 2700 900 2767 oratione,
915 2696 970 2754 sed
989 2704 1043 2754 tuo
1062 2696 1148 2754 vultu

141 2814 143 2818 ¹
250 2794 307 2850 «illo
330 2793 469 2851 familiari
491 2791 591 2862 tolles,
611 2796 636 2850 si
656 2791 747 2863 modo
770 2796 848 2849 tanti
871 2795 995 2863 putariS,
1010 2792 1043 2850 id
1056 2792 1148 2863 quod,

255 2893 279 2947 si
300 2909 350 2946 me
371 2888 476 2946 audies
497 2895 530 2945 et
552 2892 577 2946 si
600 2887 782 2945 humanitati
804 2895 875 2945 tuae
898 2894 1035 2944 constare
1057 2888 1148 2961 voleS,

255 2992 338 3043 certe
353 2985 480 3055 putabis.
498 2983 554 3055 Ae,
566 3005 605 3042 ne
617 2983 693 3041 illud
704 2988 823 3054 mirere,
836 3003 897 3053 eur,
910 3003 980 3040 cum
991 3003 1048 3054 ego
1059 2992 1150 3042 antea

254 3080 445 3151 significarim
474 3079 530 3137 tibi
558 3099 613 3151 per
640 3079 758 3136 litteras
786 3097 836 3135 me
861 3097 981 3149 sperare
1006 3078 1091 3136 illum
1118 3084 1150 3139 iu

253 3184 356 3234 nostra
378 3183 532 3247 potestate
554 3175 629 3247 fore,
658 3193 740 3231 nunc
769 3174 851 3231 idem
872 3173 975 3232 videar
1003 3174 1150 3249 diffidere,

253 3271 433 3339 incredibile
452 3278 508 3343 est,
528 3277 643 3343 quanto
663 3270 739 3337 mihi
754 3269 891 3327 videatur
911 3270 990 3328 illius
1011 3270 1151 3337 voluntas

336 3366 376 3428 26
