2512 3958
403 447 572 509 MARCUS
594 447 776 511 TULLIUS
798 448 947 510 CICERO

228 565 331 625 addidi
354 569 510 640 quaedam.
559 569 651 629 Liber
673 573 729 630 tibi
751 577 902 642 mittetur,
925 575 1067 643 quoniam
1090 578 1122 628 te

123 665 127 676 ¹
228 705 312 744 amor
325 693 420 748 nostri
435 691 615 763 φιλορήτορα
629 693 771 752 reddidit.
827 706 829 709 ’

270 807 349 866 Novi
363 811 419 868 tibi
431 812 575 883 quidnam
586 815 733 872 scribam?
748 814 840 886 quid?
855 817 955 872 etiam.
981 812 1123 871 Messalla

229 927 333 987 consul
364 931 584 991 Autronianam
616 935 739 993 domum
772 941 847 994 emit
883 935 939 995 HS
971 944 1123 988 cxxxnn.

230 1034 338 1120 “Quid
357 1051 390 1109 id
408 1053 447 1110 ad
466 1056 558 1112 me?’'
575 1060 701 1128 inquies.
746 1056 888 1128 Tantum,
904 1057 985 1130 quod
1005 1078 1041 1116 ea
1061 1078 1123 1117 em-

229 1174 334 1242 ptione
349 1180 382 1230 et
395 1193 450 1231 nos
465 1175 544 1234 bene
560 1182 667 1235 emisse
679 1178 803 1235 iudicati
815 1198 926 1249 sumuS,
939 1186 972 1237 et
986 1179 1123 1237 homines

229 1292 410 1363 intellegere
435 1305 602 1367 coeperunt
626 1298 717 1356 licere
742 1303 906 1356 amicorum
931 1299 1124 1358 facultatibus
1235 1274 1243 1367 ,ἶ

229 1415 262 1469 in
277 1415 407 1473 emendo
417 1417 456 1474 ad
470 1417 653 1489 dignitatem
664 1419 795 1491 aliquam
809 1424 976 1492 pervenire.
1001 1419 1124 1478 Teucris

229 1532 281 1590 illa
294 1533 413 1592 lentum
427 1543 585 1608 negotium
597 1546 653 1609 est,
669 1539 723 1597 sed
742 1548 847 1598 tamen
862 1547 910 1598 est
924 1545 956 1597 in
971 1560 1032 1613 spe.
1077 1539 1123 1599 Tu

159 1642 161 1645 ¹
230 1658 288 1712 ista
302 1657 424 1715 confice.
468 1659 594 1717 Anobis
609 1660 780 1719 liberiorem
796 1662 957 1734 epistulam
972 1669 1121 1734 exspecta.
1145 1732 1148 1737 p

231 1795 260 1832 vr
277 1775 342 1834 Kal.
353 1778 446 1853 Febr.
464 1779 506 1837 M.
524 1779 674 1852 Messalla,
691 1781 732 1840 M.
751 1781 859 1841 Pisone
874 1802 946 1840 coss,

640 2199 715 2261 XIV

531 2341 635 2380 sicano
649 2320 755 2381 arnico
770 2341 827 2381 san.

20 2429 205 2571 {gr-gigmae
273 2444 396 2514 Vereor,
411 2464 450 2501 ne
469 2443 610 2514 putidum
630 2448 669 2501 sit
688 2445 818 2501 scribere
840 2444 879 2502 ad
900 2452 943 2516 te,
958 2464 1048 2515 quam
1070 2448 1126 2501 sim

21 2559 83 2654 69'3
109 2534 124 2571 e
142 2534 164 2571 γ’
181 2534 207 2571 α’
230 2573 403 2636 occupatus,
418 2564 472 2622 sed
486 2572 591 2622 tamen
605 2569 648 2622 ita
662 2564 838 2636 distinebar,
853 2573 888 2622 ut
908 2565 979 2622 huie
993 2569 1043 2622 vix
1058 2572 1126 2621 tan-

231 2686 314 2744 tulae
330 2685 477 2757 epistulae
491 2692 612 2757 tempus
629 2685 787 2744 habuerim
801 2694 893 2758 atque
908 2686 939 2744 id
955 2693 1094 2758 ereptum
1109 2705 1126 2742 e

233 2813 356 2866 summis
371 2807 624 2879 occupationibus
661 2807 760 2865 Prima
775 2812 875 2865 contio
892 2807 1016 2880 Pompei
1031 2805 1127 2879 qualis

232 2929 348 3000 fuisset,
372 2932 476 3001 scripsi
504 2928 543 2986 ad
571 2936 603 2986 te
628 2936 729 3000 antea,
754 2947 815 2986 non
844 2928 976 2987 iucunda
1001 2930 1127 2996 miseris

231 3054 329 3108 inanis
343 3049 496 3122 improbiS,
512 3050 609 3107 beatis
629 3070 692 3107 non
710 3057 806 3122 grata,
821 3051 908 3108 bonis
930 3069 991 3107 non
1010 3052 1128 3120 gravis3

231 3175 335 3243 itaque
350 3170 489 3240 frigebat.
524 3170 603 3229 Tum
619 3171 733 3228 Pisonis
748 3170 878 3228 consulis
894 3170 1024 3241 impulsu
1039 3168 1128 3227 levis-

233 3297 325 3350 simus
353 3292 492 3349 tribunus
524 3290 564 3363 pl.
596 3291 696 3349 Fufius
725 3296 757 3348 in
785 3294 960 3348 contionem
988 3288 1130 3362 producit

317 3419 355 3471 38
