2498 3850
371 337 375 344 -
444 296 615 355 MARCUS
635 294 826 379 TULLIUS·
839 295 989 353 CICERO

270 423 393 491 egerim.
438 418 484 476 Tu
498 438 559 488 me,
570 425 605 475 ut
615 417 699 487 facis,
710 436 811 488 opera,
822 417 956 487 consilio,
966 420 1064 488 gratia
1077 419 1147 472 iuva
1157 433 1165 483 ;

270 527 416 585 consolari
430 530 490 584 iam
504 527 621 595 desine,
636 526 794 597 obiurgare
809 544 880 582 vero
894 524 975 593 noli3
996 523 1078 595 quod
1095 544 1166 581 cum

269 634 353 706 faciS,
376 642 411 692 ut
437 655 495 707 ego
518 642 607 691 tuum
631 653 765 690 amorem
789 641 822 690 et
847 632 982 691 dolorem
1006 631 1165 690 desidero!

270 742 371 815 Quem
385 747 429 801 ita
442 742 598 800 adfectum
612 761 681 799 mea
694 761 838 798 aerumna
849 760 915 798 esse
929 741 1067 811 arbitror,
1081 748 1117 797 ut
1131 748 1166 797 te

269 856 368 923 ipsum
383 850 529 908 consolari
539 869 630 907 nemo
641 853 742 920 possit.
787 848 938 920 Quintum
949 848 1075 906 fratrem
1085 852 1165 919 opti-

268 980 352 1046 mum
366 959 675 1028 humanissimumque
686 964 830 1014 sustenta
875 957 923 1014 Ad
936 977 986 1014 me
996 957 1121 1043 obsecrc
1132 963 1166 1014 te
1234 991 1242 1017 a

268 1077 304 1126 ut
318 1054 419 1125 omnia
434 1075 517 1124 certa
532 1066 706 1137 perscribas.

311 1176 392 1234 Data
406 1195 451 1232 1111
467 1175 533 1232 Kal.
550 1173 712 1245 Quintiles.

567 1549 672 1587 CICERO
685 1549 791 1587 amco
805 1549 863 1587 SAL.

57 1625 260 1767 &weliga
310 1640 356 1697 Tu
376 1640 500 1711 quidem
519 1639 625 1697 sedulo
643 1643 873 1711 argumentaris,
890 1638 965 1710 quid
983 1643 1023 1697 sit
1042 1659 1167 1712 speran-

57 1792 125 1933 {32³6}
139 1792 212 1850 sm·
226 1813 252 1850 α’
268 1860 359 1914 tionis
374 1859 501 1927 proponi
512 1855 627 1925 scribis,
638 1874 730 1925 quare
741 1859 773 1911 in
784 1863 892 1912 senatu
904 1855 964 1912 dici
974 1855 1050 1913 nihil
1062 1856 1164 1916 liceat.

269 1962 377 2034 Itaque
386 1963 500 2020 siletur.
539 1963 601 2019 Hic
609 1970 644 2020 tu
653 1982 703 2022 me
712 1982 842 2033 accusas,
851 1963 933 2034 quud
941 1972 993 2022 me
1002 1963 1168 2038 adflictem,

268 2092 338 2129 cum
359 2076 402 2131 ita
423 2075 480 2128 sim
500 2070 637 2128 adflictus
659 2078 694 2128 ut
713 2058 804 2128 nemo
822 2092 976 2143 umquam,
995 2072 1077 2143 quod
1096 2081 1168 2132 tute

268 1749 342 1806 dum
361 1756 394 1805 et
412 1752 543 1804 maxime
562 1766 618 1818 per
636 1754 786 1817 senatum,
805 1746 948 1818 idemque
968 1756 1060 1819 caput
1078 1768 1167 1820 roga-

267 2179 430 2250 intellegis.
476 2178 568 2249 Spem
579 2178 714 2236 ostendis
725 2179 892 2236 secundum
903 2184 1031 2238 comitia
1077 2180 1167 2252 Quae

267 2291 325 2344 ista
347 2294 394 2344 est
416 2285 524 2343 eodem
545 2286 668 2344 tribuno
686 2286 726 2357 pl.
748 2295 781 2344 et
800 2290 922 2344 inimico
943 2288 1066 2346 consule
1087 2289 1167 2349 desi·

267 2395 383 2465 gnato?
413 2393 589 2452 Percussisti
604 2402 707 2451 autem
721 2414 771 2452 me
787 2399 880 2452 etiam
894 2395 934 2453 de
949 2401 1086 2456 oratione
1096 2418 1167 2469 pro-

267 2501 336 2558 lata
374 2488 437 2558 ⁴Cui
455 2502 583 2572 vulneri,
597 2509 633 2559 ut
652 2502 766 2573 acribia,
780 2502 914 2574 medere,
929 2507 954 2560 si
973 2504 1048 2574 quid
1058 2514 1165 2598 potes.

267 2609 379 2680 Scripsi
398 2609 541 2680 equidem
560 2609 632 2666 olim
652 2613 681 2667 ei
700 2614 803 2681 iratus,
821 2611 903 2681 quod
921 2611 974 2669 ille
993 2617 1075 2684 prior
1094 2620 1166 2672 scri-

266 2717 1167 2790 pserat,seditacompresseram,utnumquamemanaturam

266 2832 414 2895 putarem.
459 2824 529 2896 Quo
550 2826 641 2883 modo
666 2825 823 2897 exciderit,
845 2831 954 2885 nescio.
1000 2828 1072 2900 Sed,
1094 2836 1167 2902 quia

266 2950 431 3002 numquam
445 2933 565 3004 accidit,
580 2940 616 2990 ut
630 2953 699 2990 cum
714 2953 750 2990 eo
764 2936 857 2992 verbo
870 2955 932 2992 uno
946 2944 1166 3011 concertarem,

266 3047 299 3096 et
330 3044 400 3110 quia
430 3045 541 3112 scripta
570 3041 645 3098 mihi
676 3041 797 3099 videtur
828 3042 1043 3114 neglegentius
1073 3066 1165 3116 quam

265 3154 395 3219 ceterae,
415 3156 490 3219 puto
509 3168 596 3219 posse
616 3148 735 3219 probari
755 3170 816 3207 non
836 3171 902 3209 esse
922 3171 1030 3209 meam
1077 3153 1124 3224 ld,
1140 3161 1164 3213 si
1234 3164 1235 3169 ’

348 3242 408 3301 216
