2480 3862
437 247 607 306 MARCUS
629 247 811 307 TULLIUS
831 248 983 308 CICERO

262 368 437 440 σκεψόμενος
453 368 503 426 καί
515 392 544 426 τι
559 369 665 440 σχεδὸν
682 366 814 431 ἐλπίσας·
837 368 982 440 ἀπογνοὺς
1000 369 1026 428 δ’
1043 369 1158 442 ἀλόγως

264 475 378 546 ἀπέστη
394 474 513 535 ἐπειπών
530 464 626 534 “eiuro
642 474 767 548 αἰσχρόν
784 500 829 534 τοι
847 476 931 548 δηρόν
948 501 979 535 τε
999 476 1158 549 airast-

262 605 372 656 meque
388 586 558 656 obiurgavit
572 592 676 643 vetere
690 585 849 656 proverbio
862 584 900 643 τὰ
913 584 964 656 μὲν
978 585 1157 658 διδόμενα-.

183 700 190 721 ‘
265 693 392 763 Reliqua
405 693 474 751 vide
489 700 532 763 et,
546 700 694 764 quantum
708 693 772 751 fieri
786 701 899 765 potest,
912 699 1138 766 perspiciamus

305 801 372 858 Etsi
385 821 521 858 annuum
542 808 663 871 tempus
684 820 779 872 prope
800 806 861 858 iam
882 807 1046 860 emeritum
1066 803 1159 862 habe-

263 909 368 966 bamus
388 896 467 976 (dies
485 913 567 966 enim
587 927 680 965 xxxin
698 916 786 967 erant
804 897 937 981 reliqui),
954 909 1159 970 sollicitudine

262 1022 433 1090 provinciae
448 1025 553 1075 tamen
564 1017 612 1075 vel
623 1021 753 1074 maxime
764 1019 954 1089 urgebamur.
988 1018 1067 1076 Cum
1077 1025 1160 1078 enim

263 1126 385 1184 arderet
399 1125 485 1197 Syria
502 1125 593 1195 bello,
608 1133 642 1183 et
660 1125 785 1184 Bibulus
801 1131 834 1183 in
851 1133 939 1184 tanto
955 1146 1092 1185 maerore
1107 1148 1161 1186 suo

263 1239 425 1291 maximam
447 1253 550 1290 curam
572 1232 646 1290 belli
668 1237 842 1304 sustineret,
865 1234 905 1291 ad
928 1254 1040 1305 meque
1066 1235 1161 1307 legati

265 1346 329 1400 eius
347 1349 380 1399 et
399 1348 541 1412 quaestor
560 1349 593 1398 et
611 1345 700 1398 amici
720 1346 783 1398 eius
802 1341 922 1399 litteras
939 1346 1112 1415 mitterent,
1127 1353 1162 1402 ut

264 1450 397 1509 subsidio
412 1454 558 1520 venirem,
572 1453 631 1506 etsi
646 1453 814 1507 exercitum
830 1449 984 1508 infirmum
999 1450 1161 1523 habebam,

264 1558 375 1615 auxilia
389 1577 461 1615 sane
477 1559 565 1628 bona,
580 1557 636 1615 sed
650 1577 686 1615 ea
705 1558 891 1629 Galatarum,
907 1558 1086 1630 Pisidarum,
1101 1560 1162 1632 Ly-

266 1671 380 1724 ciorum
402 1654 491 1734 (haec
513 1670 595 1724 enim
614 1674 686 1723 sunt
703 1673 805 1724 nostra
822 1654 952 1737 robora),
970 1675 1075 1725 tamen
1094 1688 1162 1726 esse
1215 1688 1216 1759 l

266 1774 1162 1848 officiummeumputaviexercitumhaberequamproxume

264 1882 395 1952 hostem,
410 1882 509 1952 quoad
524 1881 599 1939 mihi
618 1901 757 1954 praeesse
776 1887 947 1954 provinciae
963 1903 1019 1955 per
1036 1892 1164 1944 senatus
1215 1862 1216 1939 l

265 1989 437 2047 consultum
451 1990 567 2048 liceret.
604 1989 676 2061 Sed,
691 2010 751 2060 quo
766 2009 824 2061 ego
834 1995 965 2048 maxime
976 1990 1164 2064 delectabar,

266 2097 391 2155 Bibulus
405 2098 551 2156 molestus
572 2097 647 2154 mihi
668 2118 731 2155 non
752 2106 828 2169 erat,
849 2098 889 2156 de
910 2100 1048 2156 omnibus
1071 2102 1165 2160 rebus

265 2207 416 2264 scribebat
441 2206 479 2264 ad
504 2226 554 2264 me
579 2210 687 2278 potius.
733 2206 775 2264 Et
795 2205 869 2263 mihi
891 2206 1076 2266 decessionis
1098 2209 1166 2268 dies

266 2313 432 2382 λεληθότως
446 2313 620 2384 obrepebat.
659 2313 720 2385 Qui
735 2333 805 2370 cum
818 2313 986 2385 advenerit,
997 2314 1082 2373 ἄλλο
1094 2317 1166 2389 πρό
1215 2390 1216 2399 ¹

266 2421 378 2493 βλημσ,
390 2442 481 2493 quem
492 2421 673 2493 praeficiam,
684 2426 743 2480 nisi
754 2421 864 2479 Caldus
875 2430 1016 2493 quaestor
1028 2430 1167 2496 venerit3

265 2530 305 2588 de
320 2551 380 2602 quo
394 2530 494 2588 adhuc
509 2531 585 2588 nihil
601 2535 677 2589 certi
691 2529 884 2588 habebamus.

307 2639 473 2709 Cupiebam
492 2638 667 2696 mehercule
685 2638 853 2708 longiorem
870 2637 1034 2709 epistulam
1052 2640 1170 2714 facere,
1215 2658 1216 2661 ’

266 2745 320 2803 sed
339 2766 396 2804 nec
417 2755 488 2805 erat·
502 2767 559 2817 res,
575 2747 614 2805 de
633 2766 693 2818 qua
712 2746 884 2816 scriberem,
900 2766 957 2804 nec
977 2751 1073 2806 iocari
1093 2770 1170 2821 prae
1215 2730 1216 2735 ἵ

171 2872 175 2877 ’
266 2868 337 2912 cura
359 2864 504 2926 poteram
550 2855 672 2912 Valebis
700 2858 793 2924 igitur
821 2862 854 2912 et
881 2853 1003 2926 puellae
1033 2857 1170 2917 salutem
1215 2908 1216 2913 ,

265 2963 419 3021 Atticulae
434 2962 516 3020 dices
530 2970 711 3035 nostraeque
727 2961 827 3019 Piliae.

350 3199 409 3260 460
