2512 3958
459 460 628 521 MARCUS
649 461 832 521 TULLIUS
853 460 1003 521 CICERO

691 665 768 723 VIII

582 780 686 820 crcrrm
700 780 806 820 amco
820 780 879 820 san

71 858 129 915 Sor.
142 858 250 916 Βοπιαε
325 860 418 932 Apud
439 868 472 919 te
494 869 551 932 est,
565 869 601 919 ut
617 861 763 920 volumus.
808 862 910 921 Mater
930 870 984 921 tua
1005 872 1038 922 et
1058 883 1140 923 soror
1159 886 1177 922 a

67 949 132 1013 10⁰&
147 942 191 999 Id·
282 979 332 1017 me
344 959 521 1032 Quintoque
533 960 626 1019 fratre
638 961 783 1034 diligitur.
818 963 894 1020 Cum
905 963 1039 1022 Acutilio
1054 984 1121 1022 sum
1134 964 1176 1022 lo·

73 1026 259 1086 Febr'“·637
283 1068 378 1118 cutus,
424 1060 454 1117 Is
479 1062 535 1118 sibi
560 1069 654 1132 negat
678 1082 696 1118 a
721 1081 775 1119 suo
799 1045 992 1134 procuratore
1017 1068 1176 1135 quicquam

282 1166 428 1232 scriptum
443 1182 508 1220 esse
523 1169 556 1220 et
575 1166 701 1221 miratur
715 1167 804 1221 istam
823 1168 1057 1222 controversiam
1075 1163 1177 1234 ruisse,

282 1262 363 1332 quod
392 1262 445 1320 ille
470 1246 615 1321 recusarit
640 1268 712 1322 satis
737 1263 809 1323 dare
832 1264 961 1337 amplius
983 1265 1037 1321 abs
1058 1272 1091 1322 te
1116 1284 1177 1322 non

283 1367 355 1432 peti.
400 1361 492 1434 Quod
511 1370 544 1421 te
559 1363 598 1421 de
613 1363 748 1422 Tadiano
762 1369 887 1434 negotio
901 1364 1049 1422 decidisse
1064 1365 1177 1435 scribis,

282 1463 314 1520 id
329 1482 386 1533 ego
400 1463 496 1521 Tadio
511 1472 544 1521 ct
557 1471 679 1534 gratum
691 1484 756 1522 esse
767 1465 906 1522 intellexi
921 1473 954 1523 et
964 1484 1075 1535 magno
1086 1484 1177 1536 opere

281 1563 455 1620 iucundum.
481 1563 538 1621 Ille
550 1571 653 1622 noster
663 1569 787 1635 amicus,
798 1569 844 1622 vir
857 1564 1031 1622 mehercule
1046 1568 1178 1636 optimus

254 1652 257 1659 ’
282 1662 412 1720 etmihi
435 1667 640 1743 amicissimus,
664 1685 735 1722 sane
759 1665 815 1722 tibi
844 1669 937 1722 iratus
960 1673 1014 1723 est.
1060 1665 1130 1722 Hoc
1152 1669 1177 1722 si

281 1768 387 1835 quanti
408 1771 444 1822 tu
464 1746 605 1823 aestimes
627 1769 728 1836 sciam,
743 1774 819 1836 tum,
835 1765 908 1837 quid
927 1765 1002 1823 mihi
1021 1765 1177 1823 elaboran-

281 1865 355 1922 dum
369 1869 418 1936 sit,
433 1867 508 1927 sci're
522 1870 642 1938 possim.
671 1933 683 1947 Ι

324 1965 357 2022 L.
372 1966 475 2023 Cincio
487 1966 542 2025 HS
554 1981 655 2026 ccmo
664 1981 765 2026 ceron
774 1981 862 2027 cccc
872 1985 927 2038 pro
938 1969 1031 2037 signis
1046 1966 1178 2036 Megari·
1247 2042 1248 2049 ἵ

281 2071 334 2137 cis,
349 2074 384 2124 ut
397 2073 432 2124 tu
447 2066 486 2125 ad
499 2086 549 2124 me
564 2069 733 2138 scripseras,
748 2070 857 2123 curavi.
888 2067 1024 2124 Hermae
1038 2070 1084 2124 tui
1100 2066 1178 2124 Pen-
1247 2058 1248 2063 ἵ

281 2166 365 2225 telici
380 2188 449 2225 cum
460 2168 608 2240 capitibus
618 2169 731 2236 aeneis,
743 2164 783 2223 de
794 2166 903 2237 quibus
913 2166 952 2225 ad
962 2186 1012 2224 me
1024 2171 1178 2239 scripsisti,
1247 2194 1248 2215 r

282 2272 341 2324 iam
365 2288 446 2325 nunc
468 2287 518 2325 me
541 2266 705 2325 admodum
725 2266 888 2324 delectant.
913 2265 1014 2338 Quare
1034 2266 1125 2324 velim
1145 2276 1179 2325 et

283 2388 334 2426 eos
354 2376 387 2426 et
406 2372 492 2439 signa
511 2376 544 2426 et
563 2375 675 2436 cetera,
695 2385 773 2437 quae
792 2368 849 2424 tibi
869 2371 933 2424 eius
952 2366 1011 2424 loci
1030 2375 1063 2425 et
1082 2373 1179 2425 nostri
1247 2360 1248 2367 ἵ

282 2468 374 2526 studii
403 2475 436 2525 ct
466 2475 538 2525 tuae
567 2466 739 2536 elegantiae
770 2483 836 2523 esse
864 2466 1058 2537 videbuntur,
1086 2487 1178 2538 quam

281 2569 410 2640 plurima
431 2587 521 2638 quam
543 2571 733 2638 primumque
756 2570 869 2637 mittas,
893 2575 926 2624 et
947 2572 1077 2625 maxime
1100 2588 1178 2639 quae

281 2666 337 2725 tibi
356 2670 506 2737 gymnasii
526 2670 665 2737 xystique
685 2664 870 2723 videbuntur
890 2685 963 2723 esse.
990 2666 1070 2723 Nam
1088 2671 1121 2723 in
1141 2687 1179 2724 eo

280 2786 395 2838 genere
412 2771 454 2824 sic
474 2765 575 2824 studio
594 2764 755 2836 efferimur,
771 2774 806 2823 ut
825 2765 878 2823 abs
900 2773 933 2824 te
952 2766 1124 2837 adiuvandi,
1139 2768 1179 2824 ab
1247 2756 1248 2799 3

281 2868 347 2925 aliis
372 2887 466 2938 prope
491 2865 737 2938 reprehendendi
763 2870 862 2923 simus.
888 2866 918 2924 Si
945 2865 1069 2924 Lentuli
1094 2872 1179 2926 navis

282 2986 344 3024 non
365 2970 433 3036 erit,
454 2985 513 3036 quo
535 2966 591 3024 tibi
610 2964 753 3037 placebit,
773 2968 928 3036 imponito.
952 2964 1082 3023 Tulliola
1102 2966 1179 3024 deli-

282 3067 376 3124 ciolae
396 3075 527 3137 nostrae,
547 3074 635 3124 tuum
654 3065 866 3123 munusculum
885 3064 1002 3135 flagitat
1022 3075 1055 3124 et
1073 3086 1123 3124 me
1144 3063 1180 3125 ut

280 3187 454 3240 sponsorem
477 3166 612 3239 appellat
615 3187 626 3235 ,-
651 3170 693 3223 mi
714 3174 817 3223 autem
839 3165 975 3224 abiurare
998 3171 1109 3225 certius
1132 3175 1180 3225 est

279 3288 370 3340 quam
385 3267 568 3339 dependere.

361 3421 403 3472 20
