2494 3854
504 218 513 251 l

427 295 597 354 MARCUS
617 294 800 361 TULLIUS
822 293 972 353 CICERO

261 411 265 415 ’
293 419 339 476 Ex
350 418 398 477 his
408 420 499 478 rebus
510 419 568 477 hoc
580 439 694 490 vereor,
712 439 762 491 ne,
774 438 844 477 cum
854 419 1017 490 Pompeius
1023 428 1155 491 propter·

157 505 185 585 >⁷
192 546 198 555 ·
251 535 370 585 metum
383 547 484 586 rerum
498 549 643 586 novarum
656 546 811 599 ¹nusquam
830 528 1012 598 dimittatur,
1028 528 1149 585 Caesari

251 636 353 708 nullus
366 636 462 695 honos
476 658 495 694 a
508 644 616 695 senatu
631 637 790 708 habeatur,
800 636 873 694 dum
884 635 934 693 hic
945 635 1044 693 nodus
1055 655 1147 708 expe-

251 743 361 816 diatur,
376 765 438 802 non
457 752 548 816 putet
562 753 686 803 senatus
705 765 770 815 nos,
790 752 955 816 antequam
974 763 1148 802 successum

251 857 300 923 sit,
314 861 455 924 oportere
470 853 621 912 decedere
635 873 693 911 nec
707 857 739 911 in
754 860 842 911 tanto
860 860 945 911 motu
963 872 1066 910 rerum
1079 860 1147 911 tan·

250 965 289 1018 tis
303 965 464 1032 provinciis
475 961 609 1033 singulos
623 961 740 1032 legatos
751 980 898 1033 praeesse.
937 961 1010 1031 Hic,
1021 980 1061 1019 ne
1073 960 1148 1032 quid
1235 1016 1237 1031 J

250 1068 325 1126 mihi
346 1077 535 1141 prorogetur,
558 1070 640 1142 quod
664 1090 705 1128 ne
729 1074 911 1128 intercessor
935 1068 1061 1139 quidem
1083 1089 1147 1127 sus·

250 1181 349 1235 tinere
364 1183 469 1250 possit,
485 1178 602 1249 horreo,
617 1186 710 1249 atque
730 1197 768 1236 eo
790 1181 896 1248 magis,
911 1177 994 1249 quod
1013 1185 1049 1235 tu
1063 1177 1147 1249 abes,

250 1290 301 1356 qui
325 1286 459 1358 consilio,
478 1292 585 1358 gratia,
606 1286 707 1345 stadio
726 1286 831 1344 multis
853 1286 944 1343 rebus
964 1305 1146 1344 occurreres.

250 1394 311 1452 Sed
339 1394 422 1452 dices
450 1415 500 1452 me
524 1399 624 1466 ipsum
653 1395 727 1452 mihi
752 1394 989 1452 sollicitudinem
1017 1402 1145 1453 struere.

249 1502 357 1572 Cogor,
380 1510 415 1560 ut
444 1503 535 1560 velim
564 1507 608 1560 ita
632 1507 690 1571 sit;
715 1503 770 1561 sed
795 1507 896 1560 omnia
920 1510 1033 1560 metuo.
1078 1500 1148 1561 Etsi

248 1610 363 1667 bellum
387 1609 607 1681 ἀκροτελεύτιον
631 1610 726 1669 habet
748 1611 800 1668 illa
818 1618 872 1668 tua
893 1610 1033 1684 epistula,
1053 1630 1148 1682 quam

248 1717 361 1777 dedisti
376 1739 524 1778 nauseans
540 1719 705 1777 Buthroto:
726 1706 830 1790 “Tibi,
845 1727 880 1777 ut
895 1719 984 1777 video
999 1727 1032 1776 et
1045 1738 1147 1792 spero,

248 1818 333 1877 nulla
341 1819 380 1877 ad
389 1819 602 1906 decedendum
611 1825 670 1878 erit
679 1820 791 1879 mora.”
815 1820 942 1878 Mallem
951 1806 1013 1878 “ut
1023 1819 1145 1891 video,’'

247 1919 325 1977 nihil
340 1941 415 1992 opus
429 1921 489 1980 fuit
504 1908 564 1979 “ut
578 1922 695 1993 sper0.”
739 1922 928 1993 Acceperam
946 1929 1050 1979 autem
1070 1926 1146 1981 satis

248 2020 389 2079 celeriter
404 2021 489 2079 Iconi
500 2041 555 2094 per
565 2022 795 2096 publicanorum
806 2021 979 2080 tabellarios
989 2042 1007 2079 a
1018 2020 1146 2081 Lentuli

246 2122 402 2194 triumpho
416 2122 510 2181 datas.
556 2122 593 2180 ln
607 2123 655 2180 his
670 2122 870 2194 γλυκύπικρον
884 2122 961 2181 illud
976 2121 1145 2195 confirmas,

246 2242 360 2281 moram
374 2223 449 2281 mihi
460 2223 575 2282 nullam
589 2224 670 2293 fore3
684 2224 797 2283 deinde
808 2224 905 2296 addis,
919 2228 945 2282 si
959 2223 1031 2295 quid
1046 2243 1146 2297 secuS,

247 2331 280 2382 te
294 2324 397 2383 adme
413 2343 478 2384 esse
499 2334 669 2384 venturum.
714 2326 845 2397 Angunt
863 2345 913 2384 me
936 2325 1146 2384 dubitationes

245 2432 333 2494 tuae3
354 2426 443 2483 simul
458 2435 491 2484 et
504 2426 599 2498 vides,
611 2447 685 2498 quas
698 2431 868 2499 acceperim
881 2427 1006 2485 litteras.
1052 2426 1146 2499 Nam,
1232 2434 1235 2445 '

245 2546 319 2597 quas
346 2528 511 2585 Hermonis
536 2533 722 2588 centurionis
747 2528 869 2586 caculae
892 2532 957 2600 ipse
979 2526 1085 2586 scribis
1110 2536 1145 2587 te

188 2708 192 2716 ἡ
246 2627 376 2713 dedisse,
391 2648 453 2686 non
468 2634 580 2702 accepi.
625 2629 720 2688 Laeni
739 2633 841 2702 pueris
858 2637 892 2688 te
911 2628 1032 2688 dedisse
1052 2649 1144 2702 saepe

246 2728 285 2787 ad
298 2749 349 2787 me
372 2734 540 2802 scripseras.
585 2732 644 2789 Eas
664 2732 832 2790 Laodiceae
852 2731 996 2802 denique,
1016 2751 1087 2789 cum
1108 2751 1145 2790 eo

246 2834 406 2901 venissem,
431 2850 465 2888 111
489 2831 561 2890 Idus
590 2833 732 2891 Februar.
752 2832 884 2891 Laenius
906 2831 981 2890 mihi
1006 2832 1146 2891 reddidit

245 2929 332 2988 datas
351 2951 377 2987 a.
394 2931 423 2988 d.
440 2951 459 2988 x
481 2932 547 2990 Kal.
565 2933 724 2992 Octobres.
769 2934 884 2991 Laenio
903 2940 970 2991 tuas
988 2951 1145 2990 commen·
1235 2908 1236 2923 ἵ

245 3030 384 3103 dationes
399 3040 432 3091 et
447 3039 550 3092 statim
565 3035 664 3092 verbis
685 3042 717 3093 et
734 3035 851 3109 reliquo
870 3041 1009 3111 tempore
1027 3053 1060 3091 re
1076 3053 1146 3105 pro-

245 3126 332 3190 babo.
377 3132 440 3192 Eae
466 3134 587 3193 litterae
611 3133 715 3194 cetera
737 3143 841 3194 vetera
863 3134 1148 3205 habebant,iurum

328 3248 390 3300 400
