2494 3854
438 307 608 366 MARCUS
630 307 812 369 TULLIUS
834 306 984 368 CICERO

263 434 379 501 spicere
404 434 519 501 poteris
540 429 580 487 de
609 430 745 501 Caesare,
771 430 810 488 de
841 430 995 502 Pompeio,
1020 431 1060 489 de
1088 434 1161 503 ipsis
1215 430 1229 473 ¹²

209 513 217 525 ’
263 526 389 584 iudiciis.
442 526 555 583 Nostra
579 533 683 583 autem
711 530 845 597 negotia,
875 531 1017 597 quoniam
1047 527 1161 586 Romae

203 613 207 629 '
264 625 466 693 commoraris,
480 622 588 678 amabo
607 629 650 692 te,
666 621 791 693 explica.
836 621 892 680 Cui
911 627 957 680 rei
974 622 1096 693 fugerat
1110 643 1160 682 me

262 718 438 789 rescribere,
453 717 493 776 de
513 724 596 775 strue
615 717 756 789 laterum,
770 717 861 788 plane
881 738 964 790 rogo,
979 718 1018 776 de
1032 738 1121 790 aqua,
1136 724 1161 777 si

263 813 337 885 quid
351 818 465 885 poterit
479 813 553 885 fieri,
569 833 606 871 eo
621 817 660 871 sis
674 817 785 884 animo,
800 833 860 884 quo
878 814 956 872 soles
971 834 1047 884 esse;
1069 835 1161 886 quam
1238 879 1240 885 ¹

263 929 321 980 ego
342 929 411 967 cum
429 929 498 967 mea
517 916 626 980 sponte
648 917 716 967 tum
739 913 800 967 tuis
822 911 1010 968 sermonibus
1033 915 1160 969 aestimo

263 1005 393 1077 plurimi.
439 1005 520 1076 Ergo
539 1013 575 1062 tu
598 1004 630 1062 id
652 1004 801 1063 conficies,
847 1005 1017 1077 Praeterea,
1039 1010 1064 1064 si
1087 1005 1158 1077 quid

265 1101 422 1172 Philippus
439 1102 568 1171 rogabit,
587 1101 668 1172 quod
691 1104 724 1158 in
746 1109 799 1158 tua
822 1120 855 1159 re
879 1101 1004 1173 faceres,
1019 1102 1052 1160 id
1069 1102 1159 1160 velim

265 1197 363 1254 facias.
409 1196 498 1254 Plura
513 1197 640 1255 scribam
654 1196 694 1253 ad
712 1204 837 1268 te,cum
851 1201 1026 1256 constitero.
1070 1197 1159 1254 Nunc
1243 1262 1244 1265 Ἰ

264 1312 347 1350 eram
360 1292 451 1364 plane
465 1297 498 1349 in
512 1292 614 1350 medio
628 1297 711 1349 mari.

671 1703 750 1762 XIII

3 1868 5 1873 ι
556 1819 660 1857 crcuno
681 1819 787 1857 arrrco
809 1819 866 1859 sni.

3 1882 8 1910 ³
53 1898 112 1956 bor.
130 1884 235 1968 Ephesi
308 1897 465 1969 Ephesum
476 1901 614 1954 venimus
628 1916 653 1954 a.
665 1896 694 1954 d.
707 1915 738 1953 xi
751 1896 817 1954 Kal.
831 1897 963 1956 Sextiles
974 1901 1165 1968 sexagesimo

59 1981 166 2040 VHK·
177 1981 250 2038 Sexi·
266 2001 298 2052 et
313 1996 558 2064 quingentesimo
571 1999 641 2063 post
654 2012 789 2065 pugnam
804 1991 999 2051 Bovillanam.
1031 1993 1167 2065 Naviga-

54 2085 80 2123 α·
100 2067 160 2124 703
266 2095 362 2149 vimus
377 2094 442 2148 sine
453 2094 562 2146 timore
578 2095 611 2147 ei
625 2093 690 2147 sine
705 2108 827 2160 nausea,
839 2089 894 2147 aed
907 2090 1023 2148 tardius
1036 2098 1168 2163 propter

265 2185 478 2257 aphractorum
506 2183 693 2241 Rhodiorum
717 2184 967 2243 imbecillitatem.
1013 2184 1060 2241 De
1090 2206 1167 2244 con-

221 2303 237 2324 ·
266 2301 354 2340 cursu
365 2281 562 2352 legationum,
573 2284 768 2352 privatorum,
780 2286 813 2337 et
827 2279 866 2338 de
877 2279 1047 2339 incredibili
1058 2281 1167 2340 multi-

266 2378 385 2448 tudine,
397 2395 474 2447 quae
489 2375 564 2432 mihi
575 2379 635 2432 iam
646 2375 738 2446 Sami,
750 2374 805 2433 sed
813 2376 983 2434 mirabilem
993 2380 1025 2433 in
1036 2377 1166 2436 modum

267 2473 382 2546 Ephesi
395 2478 516 2544 praesto
530 2470 598 2542 fuit,
608 2478 661 2528 aut
671 2469 791 2530 audisse
802 2478 834 2528 te
848 2479 924 2543 puto
938 2479 991 2529 aut
1002 2456 1114 2545 “Quid
1125 2474 1167 2532 ad

265 2588 315 2627 me
325 2568 481 2626 attinei?'’
495 2567 609 2646 Verum
619 2573 724 2623 tamen
734 2567 905 2638 decumani,
916 2571 1000 2638 quasi
1010 2573 1167 2628 venissem

267 2685 337 2724 cum
350 2668 487 2735 imperio,
497 2663 607 2722 Graeci
618 2666 703 2735 quasi
718 2662 851 2735 Ephesio
861 2667 993 2734 praetori
1004 2683 1038 2721 se
1049 2665 1167 2724 alacres

267 2761 453 2820 obtulerunt.
497 2759 546 2816 Ex
559 2778 619 2830 quo
632 2765 666 2816 te
680 2758 862 2830 intellegere
876 2767 961 2817 certo
974 2763 1037 2818 scio
1051 2760 1167 2819 multo-

265 2877 333 2914 rum
347 2875 495 2914 annorum
509 2859 730 2914 ostentationes
744 2875 826 2913 meas
845 2875 928 2914 nunc
947 2860 980 2912 in
998 2855 1168 2916 discrimen

268 2972 334 3011 esse
352 2952 507 3010 adductas.
539 2950 610 3021 Sed,
631 2959 666 3008 ut
686 2970 784 3022 spero,
805 2958 927 3009 utemur
947 2971 983 3009 ea
1002 2952 1169 3026 palaestra,

266 3068 389 3121 quama
408 3055 441 3106 te
461 3048 631 3117 didicimus,
646 3048 846 3118 omnibusque
870 3051 942 3105 satis
961 3046 1108 3107 faciemus
1132 3058 1173 3109 et

268 3165 305 3204 eo
318 3144 446 3217 facilius,
461 3143 542 3215 quod
562 3147 594 3200 in
614 3150 716 3201 nostra
733 3133 893 3216 'provincia
913 3142 1071 3203 confectae
1092 3154 1175 3208 sunt
1243 3136 1244 3139 ¹

349 3251 408 3314 368
