2526 3850
435 290 605 351 MARCUS
627 289 809 350 TULLIUS
831 288 982 348 CICERO

261 419 378 471 aestate
393 412 525 471 exeundi
540 419 573 470 et
592 416 711 470 interea
729 431 780 470 me
799 430 866 470 esse
886 415 919 469 in
938 409 1032 468 aculis
1047 412 1158 467 civium

262 509 302 567 de
316 528 366 566 me
380 512 496 580 optime
510 511 687 566 meritorum
699 527 764 567 non
777 507 911 565 alienum
925 510 1036 578 putavi.

305 605 351 663 Ac
366 604 531 663 forensium
550 604 675 675 quidem
689 623 790 662 rerum
808 604 885 661 haec
906 609 1010 660 nostra
1034 600 1160 659 consilia

263 707 343 772 sunt,
359 701 592 759 domesticarum
613 707 717 757 autem
733 698 821 758 valde
843 698 997 771 impedita.
1043 697 1160 755 Domus

262 796 448 867 aedificatur,
462 801 529 866 scis,
544 815 604 867 quo
625 802 760 868 sumptu,
775 816 835 867 qua
850 795 1004 863 molestia3
1026 792 1160 851 reficitur

263 893 464 963 Formianum,
488 891 569 963 quod
600 912 658 963 ego
680 911 738 950 nec
764 890 936 963 relinquere
956 909 1077 962 possum
1101 908 1160 946 nec

262 988 592 1058 viderc3Tusculanum
600 989 955 1060 proscripsi3suburban0
964 984 1052 1043 facile
1062 1003 1158 1043 careo.

264 1086 439 1143 Amicorum
461 1086 634 1156 benignitas
658 1084 805 1142 exhausta
830 1091 877 1142 est
902 1087 934 1140 in
960 1102 996 1139 ea
1018 1101 1061 1152 re,
1082 1101 1160 1152 quae

263 1181 341 1239 nihil
354 1182 462 1239 habuit
476 1188 598 1252 praeter
612 1180 756 1250 dedecus,
766 1181 848 1251 quod
859 1181 980 1238 sensisti
991 1186 1026 1235 tu
1040 1178 1161 1248 absens,

263 1267 335 1336 nosl
351 1285 527 1350 praesentes
538 1297 545 1346 ;
560 1295 688 1348 quorum
699 1276 807 1334 studiis
819 1296 877 1348 ego
888 1283 921 1334 et
930 1277 1033 1346 copiis,
1045 1276 1070 1331 si
1079 1280 1162 1331 esset

264 1394 319 1446 per
333 1393 416 1431 meos
431 1372 608 1431 defensores
622 1372 750 1442 licitum,
761 1372 850 1430 facile
862 1391 960 1430 essem
975 1373 1075 1428 omnia
1090 1388 1162 1426 con-

226 1480 230 1487 ’
265 1476 394 1528 secutus
439 1467 509 1540 Quo
523 1473 555 1524 in
570 1487 684 1538 genere
695 1487 777 1526 nunc
788 1450 988 1527 veliementer
998 1465 1161 1523 laboratur.

265 1565 385 1635 Cetera,
399 1584 476 1635 quae
495 1584 545 1621 me
564 1563 738 1634 sollicitant,
753 1564 949 1638 μυστικώτερα
966 1569 1046 1620 sunt.
1071 1561 1164 1618 Ama-

265 1685 334 1723 mur
348 1685 366 1722 a
379 1664 473 1722 fratre
488 1671 521 1722 et
534 1683 552 1720 a
566 1662 633 1721 filia.
678 1662 722 1721 Te
738 1669 955 1748 exspectamus.

692 1998 740 2057 III

559 2114 663 2153 crcnno
685 2114 790 2153 amico
813 2115 870 2152 sun.

56 2201 115 2259 Ser,
131 2199 239 2259 Romae
311 2194 411 2252 Avere
425 2200 458 2251 te
473 2200 557 2250 certo
571 2196 633 2249 scio
647 2212 717 2249 cum
728 2196 815 2262 scire,
826 2192 899 2262 quid
910 2192 960 2249 hic
970 2199 1087 2263 agatur,
1097 2198 1167 2251 tum

62 2283 142 2342 VIII
144 2281 255 2339 ΚΒΜ·
270 2311 307 2350 ea
320 2310 338 2347 a
348 2309 398 2347 me
413 2292 499 2359 scire,
510 2308 573 2346 non
587 2307 647 2359 quo
662 2291 790 2345 certiora
801 2291 862 2345 sint
877 2307 922 2359 ea,
932 2308 1009 2359 quae
1024 2291 1056 2344 in
1070 2287 1167 2348 oculis

56 2389 82 2426 α·
100 2365 161 2426 697
270 2389 406 2444 omnium
418 2391 579 2456 geruntur,
594 2388 618 2441 si
643 2404 661 2441 a
675 2403 724 2441 me
740 2384 919 2454 scribantur,
938 2404 1028 2455 quam
1042 2402 1113 2442 cum
1127 2385 1168 2442 ab

269 2482 336 2539 aliis
355 2476 409 2538 aut
431 2481 600 2538 scribantur
619 2480 676 2536 tibi
692 2486 746 2536 aut
766 2483 958 2550 nuntientur,
974 2479 1029 2538 sed
1045 2488 1082 2538 ut
1098 2499 1168 2552 per-

271 2581 378 2649 spicias
398 2596 436 2635 ex
456 2580 532 2634 meis
547 2575 668 2645 litteris,
691 2593 752 2646 quo
774 2579 874 2632 animo
899 2595 936 2632 ea
957 2574 1063 2646 feram,
1089 2596 1168 2648 quae

272 2679 430 2744 geruntur,
445 2679 478 2729 et
501 2674 553 2742 qui
576 2671 692 2728 sithoc
715 2677 853 2741 tempore
878 2678 932 2728 aut
949 2676 1061 2730 mentis
1081 2691 1169 2730 meae

273 2788 378 2826 sensus
388 2775 442 2825 aut
456 2771 579 2824 omnino
593 2769 673 2823 vitae
688 2773 792 2823 status.
895 2818 905 2843 ,

315 2863 448 2921 Armatis
463 2863 635 2920 hominibus
650 2869 722 2919 ante
737 2861 820 2919 diem
839 2867 966 2921 tertium
987 2862 1092 2922 Nonas
1107 2863 1170 2922 No-

273 2961 412 3019 vembres
427 2959 545 3030 expulsi
560 2965 632 3015 sunt
645 2957 722 3015 fabri
737 2958 776 3015 de
791 2977 861 3015 area
874 2966 988 3030 nostra,
1001 2959 1172 3018 disturbata

273 3059 406 3130 porticus
421 3054 531 3126 Catuli,
555 3073 632 3125 quae
656 3073 693 3110 ex
711 3060 833 3111 senatus
855 3054 993 3113 consulto
1013 3054 1172 3114 consulum

551 3162 618 3212 ¹n0s
630 3148 761 3226 added‘by
774 3163 898 3227 Madvig.

358 3246 418 3304 272
