2498 3850
454 283 624 342 MARCUS
645 283 828 343 TULLIUS
849 283 999 343 CICERO

277 421 380 461 sorum
392 422 452 460 nec
465 404 630 462 voluntatis
643 424 702 462 nec
713 408 859 462 sermonis
872 408 1017 461 maiorem
1030 408 1178 476 umquam
1244 462 1245 465 ,

277 505 378 564 fuisse.
1244 490 1245 493 Ἰ

320 606 385 664 Nos
398 614 502 664 autem
516 593 602 675 (nam
616 607 648 664 id
662 614 695 664 te
711 611 787 664 scire
802 625 913 678 cupere
926 614 1012 664 certo
1027 594 1103 677 scio)
1119 627 1177 679 pu-

278 708 365 766 blicis
393 708 524 766 consiliis
551 707 643 766 11111111
671 712 856 766 intersumus
883 715 1025 778 totosque
1052 728 1108 766 nos
1137 709 1179 766 ad

278 808 431 867 forensem
449 829 572 881 operam
590 809 786 880 laboremque
804 808 995 866 contulimus
1039 809 1087 867 Ex
1104 829 1178 883 quo,

278 910 361 981 quod
371 908 460 967 facile
471 910 611 982 intellegi
622 915 727 982 possit,
738 914 771 967 in
781 909 879 968 multa
889 915 1178 969 commemoratione
1244 922 1245 925 ’

279 1031 383 1070 earum
397 1031 508 1083 rerum,
522 1016 597 1082 quas
610 1016 768 1083 gessimus,
783 1011 994 1082 desiderioque
1011 1031 1176 1075 versamur.

279 1112 341 1173 Sed
360 1112 502 1185 βοώπιδος
519 1120 640 1171 nostrae
663 1117 903 1184 consanguineus
924 1132 987 1171 non
1007 1111 1179 1171 mediocres
1244 1156 1245 1197 ff

278 1223 409 1273 terrores
419 1220 491 1272 iacit
501 1223 595 1286 atque
605 1215 769 1272 denuntiat
779 1221 813 1272 et
823 1214 1060 1286 Sampsiceramo
1070 1222 1179 1286 negat,

279 1321 389 1374 ceteris
403 1336 475 1387 prae
490 1336 523 1374 se
537 1316 599 1374 fert
613 1323 646 1374 et
660 1323 804 1374 ostentat
842 1313 943 1387 Quam
953 1316 993 1372 ob
1003 1335 1079 1386 rem,
1090 1321 1116 1374 si
1126 1336 1179 1374 me

279 1437 361 1474 amas
375 1424 506 1488 tantum,
521 1425 670 1488 quantum
683 1416 821 1488 profecto
837 1437 929 1487 amas,
944 1421 970 1474 si
986 1416 1109 1488 dormis,
1124 1437 1179 1476 ex-

278 1523 460 1590 pergiscere,
478 1523 503 1577 si
520 1527 592 1590 stas,
609 1517 780 1590 ingredere,
798 1523 823 1576 si
840 1516 1019 1601 ingrederis,
1036 1538 1134 1590 curre,
1153 1523 1179 1577 si

279 1624 383 1692 curris,
402 1619 517 1677 advola.
563 1619 715 1678 Credibile
735 1640 797 1677 non
819 1627 876 1690 est,
895 1627 1044 1690 quantum
1065 1639 1124 1691 ego
1145 1624 1178 1677 in

279 1722 410 1781 consiliis
434 1730 467 1780 et
489 1721 652 1793 prudentia
675 1729 739 1791 tua,
761 1720 903 1791 quodque
927 1725 1092 1778 maximum
1118 1729 1179 1793 est,

279 1832 428 1895 quantum
451 1828 484 1880 in
506 1842 607 1880 amore
631 1830 665 1880 et
686 1821 748 1879 fide
769 1841 888 1893 ponam.
934 1820 1118 1893 Magnitudo
1132 1827 1179 1880 rei

279 1924 402 1997 longam
416 1929 584 1982 orationem
598 1922 725 1981 fortasse
739 1922 893 1980 desiderat
935 1927 1091 1980 oniunctio
1106 1943 1179 1981 vero

279 2033 450 2083 nostrorum
472 2029 640 2082 animorum
662 2024 813 2081 brevitate
837 2031 983 2082 contenta
1004 2031 1058 2081 est.
1106 2025 1178 2082 Per-

279 2132 383 2199 magni
397 2134 500 2184 nostra
513 2130 643 2183 interest
657 2134 700 2195 te,
715 2129 740 2182 si
758 2129 887 2182 comitiis
903 2144 966 2182 non
983 2129 1129 2196 potueris,
1146 2134 1179 2184 at

280 2228 433 2286 declarato
446 2226 500 2284 illo
514 2246 580 2284 esse
596 2226 717 2283 Romae.
762 2225 850 2296 Cura,
864 2233 900 2283 ut
914 2225 1021 2284 valeas.

676 2536 782 2596 XXIV

571 2658 676 2696 crosno
698 2658 804 2696 simeo
826 2657 884 2695 aar.

70 2748 128 2806 Ser.
146 2747 253 2805 Rorm
288 2740 407 2813 s·Quas
424 2741 585 2799 Numestio
601 2740 720 2798 litteras
739 2739 821 2809 dedi,
841 2743 883 2798 sic
901 2747 935 2797 te
952 2744 988 2797 iis
1006 2742 1178 2811 evocabam,
1244 2760 1245 2791 1

70 2840 134 2890 (mle
148 2830 209 2889 XV
218 2829 270 2933 K!
281 2849 317 2903 ui
335 2842 412 2901 nihil
432 2847 528 2900 acrius
547 2861 648 2912 neque
669 2845 823 2899 incitatius
843 2840 908 2899 fieri
921 2848 1031 2913 posset
1077 2842 1129 2901 Ad
1143 2844 1178 2901 il-

72 2915 141 2973 Νθυ·
161 2935 187 2973 a·
207 2914 267 2971 69⁰
282 2946 343 3003 lam
357 2946 546 3002 celeritatem
560 2942 639 3001 adde
655 2946 758 3012 etiam,
773 2947 798 2999 si
812 2941 885 3012 quid
896 2950 991 3014 potes.
1031 2944 1078 3001 Ac
1089 2964 1129 3003 ne
1141 2950 1180 3004 sis
1244 2922 1245 2963 l

281 3052 477 3125 perturbatus
496 3037 580 3118 (novi
599 3052 680 3106 enim
698 3054 731 3104 te
746 3055 779 3105 et
793 3066 855 3104 non
874 3052 991 3120 ignoro,
1006 3035 1181 3121 “quamsit

282 3173 366 3212 amor
380 3156 477 3211 omnis
493 3149 639 3209 sollicitus
650 3157 742 3220 atque
757 3153 864 3207 anxius
873 3138 1004 3219 '’l-sed
1016 3170 1067 3210 res
1078 3161 1138 3225 est,
1145 3161 1181 3220 ut
1203 3202 1206 3211 .

369 3247 428 3307 1⁸6
