2526 3850
438 300 609 362 MARCUS
629 299 812 361 TULLIUS
834 299 985 360 CICERO

263 444 373 482 meum.
398 423 475 482 Casu
486 428 569 483 enim
579 428 757 481 trinasante
765 423 912 494 legeram,
920 424 1029 494 quibus
1037 421 1162 491 melius·

265 533 333 591 cule
349 532 481 591 Lentulo
496 551 562 591 esse
579 537 725 604 scriptum
742 539 815 589 erat.
861 532 941 589 Eece
958 538 1083 603 quartae
1101 530 1162 588 ful-

265 642 351 699 men!
395 640 456 700 Sed
470 640 533 712 ille,
547 648 583 699 ut
597 644 711 712 scripsi,
722 660 785 698 non
799 645 900 712 miser,
911 660 966 699 nos
976 659 1048 698 vero
1058 639 1160 698 ferrei

307 748 398 820 Quod
412 769 462 807 me
477 749 632 820 admones,
642 755 678 806 ut
692 750 820 807 scribam
834 749 886 806 illa
901 749 1118 818 Hortensiana,
1128 751 1164 805 in

264 856 323 915 alia
347 857 441 915 incidi
465 877 528 914 nou
552 862 711 915 immemor
738 861 824 914 istius
852 857 988 915 mandati
1013 860 1075 924 tui;
1107 855 1163 913 sed

264 966 439 1024 mehercule
454 970 486 1023 in
501 965 675 1038 incipiendo
690 965 800 1036 refugi,
814 985 864 1036 ne,
879 970 931 1036 qui
946 965 1050 1023 videor
1067 964 1163 1022 stulte

264 1074 344 1134 illius
367 1078 455 1132 amici
478 1078 692 1146 intemperiem
715 1093 777 1131 non
801 1073 918 1145 tulisse,
941 1093 1042 1132 rursus
1067 1072 1163 1131 stulte

264 1188 405 1242 iniuriam
419 1182 500 1241 illius
514 1183 622 1240 faciam
636 1182 806 1253 inlustrem,
824 1187 849 1240 si
867 1182 940 1253 quid
958 1187 1114 1254 scripsero,
1130 1188 1164 1238 et

265 1292 353 1351 simul
375 1311 415 1349 ne
437 1290 568 1362 βαθύτης
583 1311 660 1360 mea,
675 1311 753 1362 quae
774 1295 806 1347 in
828 1291 948 1362 agendo
962 1294 1111 1362 apparuit,
1129 1293 1164 1347 in

266 1400 425 1459 scribendo
442 1404 482 1458 sit
502 1400 656 1470 occultior,
672 1407 705 1457 et
719 1399 833 1470 aliquid
848 1398 1013 1457 satisfactio
1030 1398 1166 1456 levitatis

266 1507 378 1566 habere
404 1508 549 1566 videatur.
595 1508 656 1566 Sed
681 1508 859 1576 viderimus;
891 1514 926 1565 tu
954 1506 1045 1565 modo
1073 1527 1166 1578 quam

266 1620 439 1688 saepissime
454 1616 493 1674 ad
507 1636 557 1673 me
571 1616 692 1687 aliquid.
739 1615 918 1688 Epistulam,
934 1614 1065 1674 Lucceio
1081 1635 1166 1672 nunc

266 1745 357 1797 quam
373 1729 451 1795 misi,
466 1744 535 1795 qua,
550 1745 632 1782 meas
650 1744 697 1782 res
715 1732 750 1782 ut
768 1725 888 1795 scribat,
904 1744 987 1796 rogO,
1005 1723 1053 1781 fac
1071 1730 1106 1781 ut
1125 1724 1166 1781 ab

267 1853 304 1893 eo
325 1852 424 1892 sumas
445 1820 547 1902 (valde
568 1833 650 1890 bella
671 1820 731 1901 est)
753 1851 894 1904 eumque,
916 1840 951 1891 ut
971 1831 1167 1904 adproperet,
1247 1848 1251 1855 ·

267 1942 436 2000 adhorteris
456 1948 498 2013 et,
513 1941 594 2012 quod
615 1940 691 2001 mihi
712 1960 744 1999 se
766 1945 810 1998 ita
830 1940 981 1999 facturum
1002 1943 1167 2011 rescripsit,

268 2069 338 2123 agas
352 2053 474 2120 gratias,
489 2049 612 2107 domum
630 2057 775 2120 nostram,
790 2049 889 2120 quoad
906 2053 1031 2121 poteris,
1045 2051 1168 2119 invisas,

268 2159 407 2218 Vestorio
429 2158 542 2229 aliquid
564 2157 722 2230 significes.
768 2157 864 2215 Valde
886 2162 969 2216 enim
990 2160 1090 2215 estin
1115 2177 1168 2215 me

267 2267 407 2327 liberalis.

569 2611 673 2649 CICERO
689 2610 794 2649 mico
808 2610 865 2648 SAL.

56 2707 115 2765 Sor.
131 2706 161 2765 in
313 2701 398 2760 Nihil
422 2699 616 2772 εὐκαιρότερον
637 2699 767 2771 epistula
788 2707 852 2769 tua,
874 2718 951 2769 quae
979 2717 1028 2754 me
1058 2698 1168 2756 sollici-

57 2787 234 2946 mnsam·
272 2819 338 2869 tum
356 2811 396 2869 de
416 2808 533 2882 Quinto
552 2816 666 2880 nostro,
680 2827 775 2880 puero
797 2811 922 2879 optimo,
937 2805 1024 2865 valde
1046 2806 1167 2865 levavit

59 2957 131 3016 Mai·
145 2977 170 3015 a·
183 2956 245 3016 693
272 2920 406 2977 Venerat
417 2918 498 2975 horis
510 2917 625 2976 duabus
636 2923 709 2975 ante
724 2916 926 2987 Chaerippus;
940 2934 1024 2973 mera
1034 2921 1170 2973 monstra

250 3032 258 3041 '
273 3032 435 3087 nuntiarat.
461 3026 509 3085 De
521 3025 684 3098 Apollonio
695 3024 778 3096 quod
788 3025 902 3096 scribis,
914 3028 966 3095 qui
980 3022 1024 3080 illi
1039 3022 1071 3080 di
1085 3024 1169 3081 irati!

271 3136 388 3195 homini
409 3135 536 3207 Graeco,
551 3138 602 3206 qui
618 3135 780 3193 conturbat
794 3140 887 3204 atque
902 3132 984 3191 idem
1004 3138 1093 3203 putat
1113 3131 1170 3188 sibi

356 3260 415 3317 288
