2484 3854
462 305 633 367 MARCUS
655 304 838 366 TULLIUS
859 301 1009 364 CICERO

266 502 268 505 Ι
287 431 401 488 Verum
423 430 500 489 haec
518 431 605 487 nobis
625 449 724 487 coram
742 449 859 486 summa
871 448 949 485 eura
969 434 1002 485 et
1023 427 1190 498 diligentia

191 523 194 529 ’
287 534 359 584 sunt
377 526 511 596 agenda;
532 534 568 583 tu
584 525 676 583 modo
690 545 745 582 nos
759 528 856 583 revise
871 524 1040 594 aliquando.
1087 523 1190 580 Cossi-

77 1161 136 1219 Scr.
148 1160 255 1218 Romcae

78 1266 111 1301 m.
126 1244 209 1302 Maio
225 1264 250 1300 a.

78 1329 141 1398 694

286 625 355 679 nius
369 621 428 692 hie,
444 626 492 679 cui
507 621 579 679 dedi
598 621 725 691 litteras,
740 619 828 678 valde
843 618 918 676 mihi
933 619 1138 677 bonushomo
1155 626 1191 677 et

287 737 350 773 non
363 717 438 775 levis
453 725 485 775 et
499 736 602 773 amans
617 720 662 773 tui
677 720 757 774 visus
772 723 819 773 est
835 723 867 773 et
887 714 966 786 talia,
982 714 1103 786 qualem
1119 734 1190 772 esse
1227 752 1228 755 =

288 833 359 870 eum
372 820 444 871 tuae
458 811 533 870 mihi
547 812 668 870 litterae
684 816 869 869 nuntiarant.
894 810 998 869 Idibus
1014 812 1142 868 Martiis

710 962 769 1020 XX

588 1078 693 1116 crosno
704 1077 811 1117 arrrco
826 1078 884 1116 sar..

331 1156 407 1215 Cum
422 1176 438 1214 e
458 1155 643 1227 Pompeiano
661 1174 710 1212 me
731 1155 856 1212 Romam
874 1158 1055 1226 recepissem
1070 1174 1096 1210 a
1113 1153 1142 1210 d.
1158 1172 1190 1210 ιν

291 1252 363 1310 Idus
379 1253 484 1321 Maias,
496 1251 617 1309 Cincius
631 1259 736 1308 noster
746 1271 814 1308 eam
825 1249 900 1307 mihi
914 1251 967 1307 abs
981 1258 1014 1307 te
1026 1249 1191 1322 epistulam

290 1346 433 1417 reddidit,
448 1367 539 1418 quam
561 1354 596 1404 tu
621 1345 725 1403 Idibus
750 1347 836 1404 Febr.
860 1345 996 1403 dederas
1043 1345 1079 1401 Ei
1105 1365 1190 1402 nunc

291 1442 438 1515 epistulae
462 1442 572 1499 litteris
594 1442 642 1499 his
666 1441 863 1513 respondebo.
909 1442 955 1498 Ac
978 1445 1109 1513 primum
1131 1435 1190 1499 t'ibi

290 1546 484 1610 perspectum
499 1557 565 1595 esse
580 1537 724 1595 iudicium
739 1537 778 1595 de
793 1546 825 1595 te
840 1557 943 1595 meum
957 1536 1063 1607 laetor,
1075 1536 1190 1594 deinde
1228 1598 1230 1609 ,

291 1642 324 1692 te
336 1637 368 1690 in
379 1638 415 1691 iis
426 1635 525 1705 rebus,
535 1655 612 1705 quae
624 1633 698 1690 mihi
708 1638 842 1705 asperius
850 1653 869 1689 a
879 1634 966 1690 nobis
975 1641 1067 1705 atque
1079 1638 1191 1690 nostris

292 1738 326 1788 et
356 1730 548 1787 iniucundius
579 1737 665 1787 actae
698 1729 888 1800 videbantur,
915 1729 1191 1786 moderatissimum

292 1825 385 1883 fuisse
408 1823 674 1883 vehementissime
697 1824 817 1895 gaudeo
840 1824 933 1896 idque
957 1843 1058 1895 neque
1081 1828 1192 1882 amoris

292 1921 452 1978 mediocris
463 1928 496 1978 et
510 1925 626 1991 ingenii
641 1925 751 1978 summi
762 1941 797 1977 ac
808 1924 975 1992 sapientiae
990 1918 1097 1977 iudico.
1123 1919 1193 1992 Qua

293 2016 333 2074 de
356 2036 389 2073 re
413 2036 482 2074 cum
504 2016 544 2073 ad
566 2036 616 2074 me
639 2020 683 2073 ita
705 2021 847 2087 suaviter,
862 2016 1036 2086 diligenter,
1052 2016 1192 2087 officiose,

293 2113 467 2170 humaniter
481 2116 644 2183 scripseriS,
655 2120 690 2169 ut
705 2132 767 2169 non
781 2112 872 2171 modo
886 2120 919 2169 te
934 2111 1048 2169 hortari
1062 2110 1193 2182 amplius
1214 2129 1223 2139 ·

294 2228 356 2266 non
370 2209 509 2279 debeam,
521 2208 575 2266 sed
589 2228 629 2265 ne
644 2215 820 2280 exspectare
836 2208 959 2279 quidem
971 2209 1023 2265 abs
1038 2216 1070 2266 te
1085 2215 1138 2264 aut
1152 2209 1193 2265 ab

294 2304 357 2361 ullo
378 2302 636 2361 hominetantum
656 2303 809 2361 facilitatis
825 2324 859 2360 ae
874 2302 1116 2361 mansuetudinis
1137 2323 1190 2375 po·
1229 2354 1231 2359 .

294 2403 416 2469 tuerim,
427 2398 503 2455 nihil
518 2398 596 2456 duco
610 2418 676 2456 esse
688 2399 873 2457 commodius
884 2420 974 2471 quam
985 2398 1024 2457 de
1041 2399 1087 2456 his
1102 2400 1191 2458 rebus

294 2494 372 2552 nihil
391 2499 450 2551 iam
469 2494 597 2567 amplius
612 2496 751 2554 scribere.
798 2496 874 2552 Cum
896 2499 1007 2553 erimus
1029 2499 1191 2566 congressi,

294 2597 372 2662 tum,
387 2589 499 2661 siquid
514 2610 561 2648 res
576 2590 665 2661 feret,
681 2610 781 2648 coram
795 2595 877 2648 inter
891 2611 945 2649 nos
960 2590 1157 2649 conferemus.

315 2684 429 2757 *Quod
454 2686 492 2743 ad
517 2706 567 2744 me
593 2686 632 2743 de
658 2706 691 2744 re
716 2687 837 2758 publica
859 2688 972 2757 scribis,
997 2686 1132 2757 disputas
1157 2695 1192 2745 tu

295 2781 420 2852 quidem
438 2789 470 2840 et
489 2790 627 2839 amanter
641 2790 674 2839 et
694 2781 871 2854 prudenter,
887 2791 920 2840 et
934 2804 952 2840 a
966 2787 1041 2842 meis
1062 2782 1192 2842 consiliis

296 2882 373 2935 ratio
394 2880 447 2934 t'ua
467 2897 528 2934 non
549 2876 707 2946 abhorret3
729 2898 800 2935 nam
821 2899 921 2950 neque
943 2878 982 2936 de
1004 2886 1086 2936 statu
1106 2880 1192 2937 nobis

295 2981 417 3030 nostrae
431 2973 589 3044 dignitatis
604 2982 651 3031 est
665 2974 871 3032 recedendum
886 2994 987 3046 neque
1002 2978 1067 3031 sine
1082 2980 1192 3033 nostris

296 3073 389 3141 copiis
399 3073 479 3139 intra
489 3069 614 3141 alterius
625 3068 772 3141 praesidia
784 3070 979 3140 veniendum,
991 3076 1024 3127 et
1034 3073 1069 3139 is,
1081 3063 1121 3126 de
1132 3062 1192 3141 quo

296 3167 409 3236 seribiS,
421 3165 497 3222 nihil
512 3165 605 3222 habet
615 3140 759 3237 amplum,
771 3165 847 3222 nihil
862 3165 1028 3235 excelsum,
1040 3163 1123 3221 nihil
1132 3172 1192 3224 non

381 3255 420 3316 92
