2484 3854
433 287 603 347 MARCUS
625 286 807 346 TULLIUS
829 284 979 344 CICERO

259 421 349 479 Nunc
371 441 451 493 vero,
473 441 542 479 cum
566 426 719 493 equitatus
741 421 803 491 ille,
825 439 916 492 quem
940 439 998 491 ego
1020 423 1053 476 in
1078 417 1153 477 tlivo

259 541 429 613 Capitolino
448 549 481 600 te
495 541 639 613 signifero
655 561 690 598 ac
709 545 845 614 principe
866 541 1054 610 collocaram,
1068 559 1154 597 sena-

258 670 326 720 tum
354 661 532 733 deseruerit,
561 666 656 720 nostri
684 670 787 720 autern
817 664 968 733 principes
996 659 1094 732 digito
1122 681 1154 720 se
1229 640 1230 649 ἵ

259 782 377 840 caelum
391 791 503 854 putent
517 787 680 866 attingere,
696 785 720 841 si
737 781 824 840 mulli
846 783 963 840 barbati
982 786 1014 839 in
1033 785 1155 854 piscinis

259 907 330 974 sint,
345 908 397 975 qui
417 904 456 963 ad
477 924 601 962 manum
614 903 771 973 accedant,
787 903 846 961 alia
860 910 963 962 autem
977 901 1155 973 neglegant,

259 1043 361 1082 nomae
381 1026 438 1083 tibi
457 1029 529 1083 satis
543 1024 685 1096 prodesse
700 1024 813 1095 videor,
825 1028 850 1082 si
864 1023 995 1095 perficio,
1007 1030 1042 1080 ut
1056 1021 1156 1081 nolint

260 1147 375 1217 obesse,
391 1150 442 1217 qui
457 1146 601 1217 possunt?
637 1146 718 1203 Nam
732 1145 879 1203 Catonem
893 1152 1031 1202 nostrum
1045 1163 1107 1201 non
1120 1151 1157 1202 tu

260 1285 342 1324 amas
361 1266 429 1338 plus
443 1285 533 1338 quam
548 1285 621 1338 ego;
643 1266 697 1324 sed
718 1274 823 1324 tamen
845 1266 897 1323 ille
919 1268 1035 1337 optimo
1055 1267 1157 1322 animo

261 1394 351 1444 utens
374 1394 406 1444 et
428 1406 545 1444 summa
566 1385 625 1445 fide
647 1394 738 1444 nocet
758 1385 914 1444 interdum
935 1389 979 1444 rei
1000 1384 1158 1456 publicae;

261 1506 336 1564 dicit
357 1510 438 1564 enim
456 1514 611 1578 tamquam
632 1511 664 1563 iu
688 1507 820 1564 Platonis
837 1503 981 1576 πολιτείᾳ,
996 1524 1057 1590 non
1074 1512 1158 1562 tam-

261 1647 352 1698 quam
366 1632 397 1685 in
414 1627 533 1686 Romuli
548 1627 633 1685 faece
645 1631 837 1686 sententiam.
862 1626 944 1698 Quid
955 1630 1054 1683 verius
1066 1646 1158 1697 quam

261 1751 293 1804 in
307 1747 452 1806 iudicium
466 1752 579 1820 venire,
591 1753 643 1819 qui
657 1749 697 1805 ob
711 1767 776 1806 rem
790 1746 981 1805 iudicandam
996 1750 1158 1819 pecuniam
1229 1728 1230 1743 χ

262 1870 432 1940 acceperit?
483 1869 609 1928 Censuit
644 1868 701 1926 hoc
737 1869 821 1940 Cato,
854 1868 989 1927 adsensit
1020 1875 1160 1936 senatus;

263 1986 381 2054 equites
403 1987 502 2041 curiae
524 1984 649 2054 bellum,
664 2003 726 2041 non
747 1982 838 2050 mihi;
859 2002 931 2043 nam
949 2001 1007 2053 ego
1021 1981 1158 2040 dissensi.

262 2095 344 2167 Quid
373 2095 580 2169 impudentius
609 2096 776 2168 publicanis
802 2096 1067 2153 renuntiantibus?
1099 2094 1160 2154 fuit

261 2219 366 2269 tamen
380 2211 534 2270 retinendi
548 2211 661 2269 ordinis
676 2231 764 2269 causa
778 2209 920 2269 faciunda
937 2214 1059 2268 iactura.
1101 2209 1160 2268 Re·

262 2329 342 2384 stitit
361 2333 393 2383 et
413 2329 540 2398 pervicit
560 2326 642 2383 Cato.
689 2308 797 2396 Itaque
812 2344 894 2383 nunc
909 2323 1032 2383 consule
1048 2328 1081 2381 in
1096 2344 1161 2382 car-

262 2458 331 2497 cere
346 2440 471 2510 incluso,
486 2459 576 2511 saepe
591 2443 666 2497 item
681 2439 830 2497 seditione
847 2446 997 2496 commota
1016 2440 1162 2510 aspiravit

213 2627 215 2631 ¹
261 2572 352 2610 uerno
367 2572 480 2624 eorum,
496 2573 623 2625 quorum
641 2573 699 2625 ego
718 2573 864 2611 concursu
885 2557 1020 2623 itemque
1043 2556 1064 2609 ii
1086 2572 1160 2610 con-

262 2666 352 2738 sules,
367 2671 419 2738 qui
439 2675 509 2740 post
522 2688 572 2726 me
587 2667 721 2739 fuerunt,
736 2687 801 2725 rem
820 2666 972 2738 publicam
990 2664 1162 2725 defendere

262 2780 407 2839 solebant.
453 2768 562 2853 “Quid
587 2783 679 2853 ergo?
709 2781 810 2854 istos,”
840 2785 969 2853 inquies,
991 2766 1163 2838 “mercede
1226 2814 1227 2819 κ

262 2896 428 2955 conductos
455 2896 676 2956 babebimus?”
722 2895 805 2968 Quid
834 2895 989 2967 faciemus
1018 2898 1043 2953 si
1071 2893 1166 2953 aliter

261 3031 324 3069 non
335 3012 510 3082 possumus?
532 3011 583 3069 An
594 3010 743 3069 libertinis
754 3018 847 3081 atque
859 3013 952 3067 etiam
963 3012 1056 3067 servis
1067 3013 1164 3067 servi-

262 3126 366 3186 amus?
409 3123 481 3196 Sed,
495 3132 530 3184 ut
544 3133 579 3183 tu
593 3129 646 3197 aiS,
662 3123 729 3188 ἅλις
743 3124 877 3196 σπουδῆς.
891 3151 894 3157 ·

351 3252 408 3304 108
