2512 3958
482 407 652 468 MARCUS
673 406 855 468 TULLIUS
877 407 1027 466 CICERO

307 529 472 588 devorarat.
507 517 694 601 “Domum'’
719 534 827 601 inquit,
851 515 1006 586 “emisti’'
1052 515 1192 594 “Putes'’

306 643 440 710 inquam,
452 625 594 696 “dicere:
618 638 736 696 Iudices
748 637 877 695 emisti.”
902 623 1074 707 “Iuranti,'’
1091 639 1193 707 inquit,
1231 668 1240 679 =

307 733 389 804 “tibi
408 767 470 804 non
485 747 709 805 crediderunt.”
734 733 753 759 “
760 746 838 803 Mihi
852 745 952 816 vero,”
969 750 1102 817 inquam,
1117 731 1135 757 “
1141 764 1209 804 xxv.

305 855 420 913 iudices
449 854 654 925 crediderunt,
683 874 763 925 xxxr,
792 858 934 925 quoniam
962 873 1100 911 nummos
1127 860 1196 910 ante

306 971 499 1035 acceperunt,
505 965 562 1021 tibi
571 963 646 1020 nihil
657 962 881 1021 crediderunt.’'
895 962 1016 1033 Magnis
1022 961 1197 1019 elamoribus

306 1071 443 1130 adflictus
458 1074 605 1130 conticuit
620 1078 652 1130 et
666 1071 807 1129 concidit.

230 1148 233 1153 ι
301 1151 332 1225 ll
349 1180 461 1239 Noster
474 1188 578 1238 autem
592 1187 688 1239 status
709 1186 756 1238 est
777 1179 834 1236 hic.
872 1177 971 1251 Apud
992 1177 1197 1255 bonosqiidem

302 1308 417 1361 sumus,
433 1296 507 1360 quos
527 1288 685 1359 reliquisti,
700 1287 921 1360 apudsordem
936 1288 1017 1345 urbis
1033 1294 1074 1344 et'
1084 1286 1198 1367 faecem
1214 1302 1217 1307 ⁴

306 1396 403 1454 multo
422 1396 530 1455 melius
549 1416 640 1468 nunc,
656 1417 747 1468 quam
768 1395 924 1468 reliquisti.
970 1395 1049 1452 Nam
1071 1403 1104 1452 et
1124 1393 1198 1452 illud
1234 1391 1238 1397 ’

306 1505 391 1562 nobis
417 1525 478 1562 non
504 1506 600 1576 obest,
624 1505 719 1562 videri
744 1513 881 1562 nostrum
906 1493 1114 1560 testimonium
1137 1523 1199 1560 non

306 1612 449 1681 valuisse3
480 1617 587 1670 missus
617 1620 665 1670 est
694 1616 816 1683 sanguis
844 1611 974 1669 invidiae
1003 1615 1067 1668 sine
1096 1610 1199 1668 dolore

305 1729 397 1793 atque
409 1725 501 1778 etiam
516 1721 573 1778 hoc
584 1725 690 1792 magis,
703 1718 784 1791 quod
799 1739 903 1777 omnes
917 1718 962 1776 illi
977 1718 1109 1776 fautores
1120 1718 1199 1777 illius

304 1828 409 1900 flagitii
423 1850 488 1887 rem
502 1828 695 1887 manifestam
709 1829 793 1886 illam
807 1828 996 1899 redemptam
1012 1847 1077 1885 esse
1091 1848 1109 1884 a
1123 1827 1200 1886 iudi-

304 1939 388 1996 cibus
403 1937 593 1995 confitentur.
616 1934 748 1995 'Accedit
762 1936 848 2008 illud,
860 1936 941 2008 quod
955 1936 1008 1993 illa
1021 1918 1199 1994 contionalis

304 2046 413 2105 hirudo
427 2050 542 2118 aerarii,
557 2051 666 2104 misera
679 2067 714 2103 ac
729 2050 830 2104 ieiuna
844 2044 1013 2117 plebecula,
1024 2064 1074 2102 me
1089 2045 1127 2102 ab
1141 2044 1200 2103 hoc

305 2156 419 2227 Magno
430 2160 519 2214 unice
531 2154 618 2227 diligi
628 2163 727 2227 putat,
740 2164 772 2213 et
783 2153 906 2213 hercule
917 2153 1014 2211 multa
1025 2160 1058 2212 et
1068 2153 1201 2211 iucunda

304 2258 524 2317 consuetudine
539 2261 693 2316 coniuncti
712 2261 861 2315 internos
876 2275 978 2314 sumus
992 2275 1087 2328 usque
1103 2275 1149 2326 eo,
1165 2264 1202 2314 ut
1235 2300 1240 2310 .

302 2363 398 2418 nostri
409 2364 460 2417 isti
471 2364 679 2417 comissatores
690 2357 903 2416 coniurationis
913 2357 1064 2416 barbatuli
1075 2361 1202 2416 iuvenes

249 2529 252 2535 1
302 2460 389 2521 illum
400 2464 432 2518 in
443 2462 630 2519 sermonibus
643 2447 721 2519 “Cn.
734 2460 934 2519 Ciceronem”
947 2460 1112 2532 appellent.
1138 2459 1202 2517 Ita-
1227 2495 1231 2500 -

302 2582 362 2633 que
385 2570 417 2620 et
438 2561 518 2620 ludis
542 2570 574 2620 et
596 2562 811 2634 gladiatoribus
832 2562 984 2620 mirandas
1007 2559 1203 2633 ἐπισημασίας

302 2667 368 2721 sine
382 2663 444 2721 ulla
457 2668 616 2735 pastoricia
630 2663 729 2721 fistula
742 2663 960 2736 auferebamus.

295 2784 324 2805 ‘³
344 2764 434 2822 Nunc
447 2773 494 2823 est
509 2769 695 2836 exspectatio
706 2768 912 2832 comitiorum3
927 2768 959 2821 in
970 2783 1048 2835 quae
1059 2745 1212 2823 omnibus'

302 2869 404 2923 invitis
419 2865 516 2923 trudit
535 2873 639 2939 noster
654 2866 785 2935 Magnus
805 2864 877 2922 Auli
896 2864 993 2923 'filium
1007 2872 1099 2935 atque
1114 2868 1149 2921 in
1164 2885 1205 2922 eo

302 2986 402 3037 neque
421 2971 602 3024 auctoritate
623 2986 724 3037 neque
747 2971 844 3037 gratia
865 2957 992 3038 pugnat,
1013 2965 1067 3023 sed
1089 2966 1206 3036 quibus

303 3067 458 3140 Philippus
473 3071 573 3125 omnia
588 3066 711 3125 castella
726 3070 893 3140 expugnari
911 3072 999 3139 posse
1019 3067 1153 3144 dicebat,
1170 3071 1207 3124 in

301 3189 378 3240 quae
403 3169 494 3227 modo
519 3168 628 3227 asellus
652 3170 778 3228 onustus
801 3190 874 3227 auro
897 3175 1000 3241 posset
1022 3166 1204 3247 ascendere.

301 3270 412 3328 Consul
432 3279 535 3328 autem
554 3270 606 3329 ille
626 3271 784 3329 deterioris
806 3270 960 3330 histrionis
979 3269 1083 3329 similis
1098 3288 1208 3331 susce-

384 3365 424 3425 60
