2526 3850
457 290 627 350 MARCUS
648 290 830 350 TULLIUS
852 291 1002 351 CICERO

281 431 344 468 non
368 419 489 482 poterat
513 416 641 482 transigi
669 416 785 469 minore
814 416 950 484 pecunia
1006 412 1183 471 Efficiemus

282 539 347 576 rem
361 519 620 590 gloriosissimam
640 539 712 576 nam
725 523 758 577 in
768 540 875 592 eampo
886 521 998 578 Martio
1009 528 1114 592 saepta
1124 525 1182 578 tri·

282 629 364 685 butis
378 632 507 686 comitiis
520 648 687 687 marmorea
701 648 803 687 sumus
818 636 851 688 et
864 636 947 687 tecta
961 628 1070 687 facturi
1081 649 1182 701 eaque

283 741 439 807 cingemus
455 737 574 795 excelsa
587 742 715 809 porticu,
730 745 766 796 ut
780 738 864 795 mille
881 757 1023 810 passuum
1040 738 1180 821 conficia-

283 853 340 902 tur.
380 845 475 905 Simul
490 845 674 917 adiungetur
684 845 755 903 huic
766 851 851 918 operi
861 847 932 904 villa
943 851 1036 905 etiam
1046 847 1178 919 publiea.

284 953 391 1012 Dices:
425 940 534 1026 “Quid
558 954 634 1011 mihi
658 954 728 1012 hoe'
741 962 974 1013 monumentum
998 955 1179 1027 proderit?”

283 1063 327 1119 At
341 1062 415 1133 quid
429 1062 461 1120 id
478 1062 665 1120 laboramus?
709 1062 815 1120 Habes
836 1082 884 1121 res
907 1063 1063 1121 Romanas.
1108 1064 1182 1121 Non

283 1175 366 1228 enim
385 1179 417 1229 te
437 1179 512 1243 puto
533 1171 572 1229 de
594 1171 699 1242 lustro,
721 1172 803 1242 quod
824 1176 884 1229 iam
905 1172 1100 1244 desperatum
1122 1180 1183 1244 est,

283 1286 337 1336 aut
351 1279 390 1337 de
405 1278 533 1350 iudiciis,
548 1299 625 1351 quae
640 1280 710 1350 lege
725 1280 829 1337 Coctia
843 1279 927 1351 fiant,
942 1299 1095 1351 quaerere.

641 1582 644 1584 -
677 1542 785 1600 XVIII

576 1669 680 1709 cronno
701 1669 807 1708 nrnco
828 1669 886 1709 san
1251 1728 1252 1731 Ἴ

74 1777 139 1827 xvia
327 1758 489 1817 ...Nune
508 1765 543 1816 ut
562 1763 737 1831 opimonem
758 1758 870 1817 habeas
891 1779 1001 1831 rerum,
1020 1759 1183 1819 ferendum
1251 1780 1252 1845 J

73 1865 132 1923 Ser.
148 1865 256 1923 Romaew
285 1874 340 1926 est.
385 1864 522 1938 Quaeris
543 1887 601 1938 ego
620 1887 670 1925 me
691 1875 726 1925 ut
744 1872 898 1939 gesserim.
944 1868 1127 1927 Constanter
1151 1877 1184 1928 et
1251 1858 1252 1867 ἵ

73 1970 159 2091 {Com
174 1949 269 2007 om·
285 1976 389 2034 libere.
455 1961 475 1988 “
484 1973 589 2047 Quid?
624 1975 706 2047 ille,'’
747 1981 876 2049 inquIes,
912 1962 976 2035 “ut
1011 1976 1181 2036 ferebat?''

287 2085 473 2142 Humaniter
486 2104 633 2155 meaeque
648 2084 817 2156 dignitatis,
831 2085 931 2156 quoad
944 2085 1020 2143 mihi
1034 2090 1107 2144 satis
1121 2086 1183 2144 fao-

285 2201 352 2251 tum
375 2200 465 2263 esset,
486 2191 658 2250 habendam
681 2194 738 2251 sibi
760 2198 910 2252 rationem
932 2195 1066 2266 putabat.
1113 2194 1184 2267 Quo

285 2301 376 2359 modo
390 2321 464 2372 ergo
478 2301 655 2359 absolutus?
677 2301 825 2379 {Omnino
839 2306 958 2373 γοργεΐα
969 2294 1084 2374 γυμνοί.1
1122 2304 1183 2361 Ae-

286 2417 457 2468 cusatorum
467 2409 653 2468 incredibilis
663 2409 801 2481 infantia,
812 2409 845 2468 id
856 2419 904 2469 est
918 2410 952 2468 L.
966 2410 1090 2469 Lentuli
1103 2411 1137 2469 L.
1151 2412 1183 2483 l,

286 2539 378 2591 quem
391 2517 527 2577 fremunt
541 2538 646 2577 omnes
663 2523 911 2591 praevaricatum,
926 2517 1038 2577 deinde
1058 2520 1183 2592 Pompei

286 2632 361 2684 mira
372 2631 539 2698 eontentio,
550 2627 684 2685 iudicum
698 2626 809 2686 sordes.
847 2627 892 2685 Ac
903 2635 1007 2685 tamen
1018 2645 1100 2686 xxxn
1112 2649 1182 2687 con·

286 2735 479 2806 demnarunt,
495 2753 606 2793 xxxvrn
620 2734 822 2793 absolverunt.
867 2734 984 2793 Iudicia
996 2734 1114 2806 reliqua
1127 2741 1182 2794 im·

287 2844 432 2916 pendent.
466 2842 611 2900 Nondum
623 2823 671 2901 est
681 2843 771 2915 plane
783 2843 952 2915 expeditus.
987 2842 1095 2902 Dices:
1111 2830 1181 2904 “Tu

287 2972 360 3024 ergo
376 2953 453 3011 haee
467 2972 527 3023 quo
543 2950 634 3008 modo
648 2951 709 3009 fers
719 2952 731 3009 i
742 2950 758 2971 '’
803 2950 889 3009 Belle
906 2950 1081 3010 mehercule
1099 2960 1132 3011 et
1151 2959 1182 3012 in
1247 2946 1248 2989 ἶ

287 3082 324 3120 eo
343 3081 393 3120 me
411 3059 498 3118 valde
518 3070 614 3118 amo.v
638 3059 812 3130 Amisimus,
826 3064 869 3117 mi
889 3059 1046 3132 Pomponi,
1061 3081 1182 3122 omnem

418 3157 532 3219 ’γοργεῖα
544 3157 623 3217 γυμνά
634 3156 748 3206 Rosius:
762 3157 998 3205 HOPnAnrMNA
1009 3155 1051 3206 M.

372 3232 431 3294 326
