2494 3854
453 304 623 367 MARCUS
644 304 825 369 TULLIUS
847 303 1010 368 CICERO—

278 428 306 482 ei
327 433 487 498 praeterea
506 426 658 486 dederam.
703 427 765 489 Sed
786 432 817 500 ii,
839 428 947 500 quibus
968 426 1176 507 petieratdc

276 531 429 597 provincia
442 527 644 587 decesserant.

319 628 409 686 Nunc
420 650 568 701 cognosce
579 630 618 688 dc
630 629 809 701 Salaminiis,
819 629 900 703 quod
911 629 999 689 video
1009 630 1068 688 tibi
1079 633 1173 688 etiam

276 750 388 788 novum
402 731 546 790 accidisse
558 739 714 803 tamquam
728 732 811 789 mihi.
849 733 1024 803 Numquam
1039 735 1124 789 enim
1134 751 1171 789 ex

276 831 328 889 illo
349 833 450 891 audivi
471 832 555 891 illam
575 839 737 905 pecuniam
759 854 825 892 esse
849 853 934 891 suam
941 851 949 902 ;
977 836 1053 904 quin
1078 836 1171 891 etiam

276 932 412 991 libellum
432 938 525 1006 ipsius
544 935 652 1006 habeo,
667 940 699 993 in
720 955 779 1006 quo
800 942 862 993 est:
883 920 1065 994 “Salaminii
1079 954 1171 1007 pecu-

276 1040 358 1094 niam
374 1036 491 1096 debent
509 1038 550 1095 M.
571 1038 694 1108 Scaptio
714 1045 748 1095 et
766 1036 797 1095 P.
818 1037 957 1108 Matinio,
974 1036 1174 1096 familiaribus

276 1139 381 1195 meis”
426 1138 485 1195 Eos
510 1137 585 1195 mihi
611 1137 820 1206 commendat;
849 1136 994 1195 adscribit
1019 1141 1114 1195 etiam
1139 1147 1175 1197 et

275 1245 360 1310 quasi
375 1240 472 1298 calcar
485 1239 627 1297 admovet
641 1243 846 1298 intercessisse
861 1258 894 1297 se
908 1259 962 1311 pro
977 1242 1013 1297 iis
1027 1258 1175 1309 magnam

274 1345 442 1412 pecuniam
501 1340 707 1411 Confeceram,
735 1348 772 1398 ut
807 1340 960 1398 solverent
995 1345 1175 1401 centesimis

274 1446 412 1501 sexennii
422 1442 522 1500 ductis
533 1462 602 1500 cum
611 1446 806 1500 renovatione
816 1440 1002 1512 singulorum
1011 1461 1173 1503 annorum.
1234 1426 1235 1431 ἵ

273 1543 318 1601 At
335 1544 473 1615 Scaptius
492 1551 654 1615 quaternas
675 1543 854 1614 postulabat.
900 1542 1009 1613 Metui,
1029 1547 1054 1601 si
1073 1547 1175 1618 impe-

273 1653 393 1716 trasset,
404 1665 444 1703 ne
456 1649 563 1720 tuipse
574 1665 624 1703 me
636 1664 736 1702 amare
747 1643 918 1713 desineres3
932 1664 1003 1703 nam
1017 1646 1056 1703 ab
1067 1645 1176 1706 edicto

166 1751 168 1754 ⁴
240 1742 243 1747 ⁴
273 1767 342 1804 meo
356 1751 547 1805 recessissem
566 1755 599 1805 et
616 1751 771 1824 civitatem
787 1751 819 1803 in
837 1745 959 1804 Catonis
977 1753 1010 1804 et
1026 1750 1058 1804 iu
1075 1750 1176 1819 ipsius

274 1847 360 1904 Bruti
375 1847 433 1905 fide
448 1847 578 1905 locatam
593 1852 728 1919 meisque
743 1846 897 1904 beneficiis
914 1854 1051 1904 ornatam
1065 1846 1176 1910 fundi·

273 1957 322 2006 tus
342 1949 549 2020 perdidissem.
594 1950 698 2020 Atque
717 1947 775 2006 hoc
793 1956 930 2020 tempore
945 1952 1010 2019 ipso
1024 1953 1177 2024 impingit

273 2051 348 2108 mihi
363 2051 524 2122 epistulam
539 2051 678 2123 Scaptius
690 2050 777 2108 Bruti
787 2070 852 2108 rem
867 2049 951 2108 illam
965 2071 1018 2109 suo
1031 2055 1177 2122 periculo

273 2170 349 2222 esse,
360 2151 441 2222 quod
455 2171 513 2213 nec
527 2151 603 2209 mihi
617 2171 760 2223 umquam
772 2150 883 2208 Brutus
894 2150 1014 2208 dixerat
1026 2171 1087 2211 nec
1102 2156 1177 2229 tibi,

272 2255 365 2309 etiam
374 2259 409 2309 ut
416 2251 638 2323 praefecturam
650 2252 771 2323 Scaptio
782 2250 941 2309 deferrem.
981 2250 1018 2310 Id
1028 2271 1104 2312 vero
1115 2275 1178 2328 per

272 2360 304 2409 te
316 2372 540 2423 exceperamus,
550 2372 590 2409 ne
599 2357 782 2424 negotiatori
789 2372 797 2421 ;
817 2352 925 2423 quodsi
936 2356 1087 2427 cuiquam,
1097 2355 1177 2418 huic

271 2459 375 2509 tamen
386 2472 456 2510 uon.
488 2453 599 2510 Fuerat
610 2457 691 2510 enim
703 2453 875 2525 praefectus
885 2453 986 2526 Appio
997 2462 1030 2512 et
1041 2457 1176 2527 quidem

270 2552 418 2611 habuerat
429 2562 543 2612 turmas
554 2558 702 2625 equitum,
709 2554 817 2624 quibus
826 2553 976 2613 inclusum
985 2559 1019 2613 in
1027 2564 1115 2617 curia
1123 2581 1175 2621 se·

271 2661 377 2712 natum
388 2654 539 2713 Salamine
551 2655 721 2724 obsederat,
731 2662 766 2712 ut
774 2653 855 2712 fame
865 2664 1020 2718 senatores
1031 2664 1175 2735 quinque

269 2761 468 2812 morerentur.
514 2753 622 2825 Itaque
638 2773 706 2825 ego,
721 2774 780 2825 quo
792 2754 841 2812 die
862 2760 955 2827 tetigi
969 2763 1174 2835 provinciam,

270 2868 339 2905 cum
353 2848 428 2905 mihi
444 2849 544 2921 Cyprii
566 2850 661 2921 legati
683 2848 839 2921 Ephesum
858 2852 976 2910 obviam
999 2861 1175 2932 venissent,

269 2943 387 3002 litteras
401 2949 478 3015 misi,
494 2953 529 3003 ut
544 2950 662 3016 equites
677 2965 715 3004 ex
735 2946 833 3004 insula
848 2952 952 3005 statim
966 2948 1172 3016 decederent.

250 3023 257 3032 ⁶
270 3040 328 3097 His
343 3040 382 3098 de
397 3044 492 3098 causis
507 3041 598 3100 credo
613 3041 770 3113 Scaptium
783 3046 915 3114 iniquius
930 3043 970 3103 de
985 3065 1035 3104 me
1051 3047 1175 3122 aliquid

268 3134 307 3191 ad
324 3134 452 3193 Brutum
470 3141 630 3208 scripsisse.
675 3137 736 3196 Sed
758 3144 862 3196 tamen
885 3139 943 3197 hoc
964 3161 1032 3200 sum
1054 3150 1172 3210 admo.

350 3249 421 3311 420,-
