<?xml version="1.0" encoding="UTF-8"?>
<!DOCTYPE html PUBLIC "-//W3C//DTD XHTML 1.0 Transitional//EN"
    "http://www.w3.org/TR/xhtml1/DTD/xhtml1-transitional.dtd">
<html xmlns="http://www.w3.org/1999/xhtml" xml:lang="en" lang="en">
 <head>
  <title>
</title>
<meta http-equiv="Content-Type" content="text/html;charset=utf-8" />
  <meta name='ocr-system' content='tesseract 3.04.00' />
  <meta name='ocr-capabilities' content='ocr_page ocr_carea ocr_par ocr_line ocrx_word'/>
</head>
<body>
  <div class='ocr_page' id='page_1' title='image "./letterstoatticu00winsgoog_0093.png"; bbox 0 0 2484 3854; ppageno 0'>
   <div class='ocr_carea' id='block_1_1' title="bbox 478 312 1024 376">
    <p class='ocr_par' dir='ltr' id='par_1_1' title="bbox 478 312 1024 376">
     <span class='ocr_line' id='line_1_1' title="bbox 478 312 1024 376; baseline 0.009 -5"><span class='ocrx_word' id='word_1_1' title='bbox 478 312 648 373; x_wconf 86' lang='lat' dir='ltr'>MARCUS</span> <span class='ocrx_word' id='word_1_2' title='bbox 669 312 852 375; x_wconf 89' lang='lat' dir='ltr'>TULLIUS</span> <span class='ocrx_word' id='word_1_3' title='bbox 874 314 1024 376; x_wconf 85' lang='lat' dir='ltr'><strong>CICERO</strong></span> 
     </span>
    </p>
   </div>
   <div class='ocr_carea' id='block_1_2' title="bbox 301 435 1191 604">
    <p class='ocr_par' dir='ltr' id='par_1_2' title="bbox 301 435 1191 604">
     <span class='ocr_line' id='line_1_2' title="bbox 301 435 1191 508; baseline 0.003 -17"><span class='ocrx_word' id='word_1_4' title='bbox 301 435 452 505; x_wconf 80' lang='lat' dir='ltr'><strong>obtegam.</strong></span> <span class='ocrx_word' id='word_1_5' title='bbox 497 435 594 493; x_wconf 86' lang='lat' dir='ltr'><strong>Abest</strong></span> <span class='ocrx_word' id='word_1_6' title='bbox 614 440 695 493; x_wconf 90' lang='lat' dir='ltr'><strong>enim</strong></span> <span class='ocrx_word' id='word_1_7' title='bbox 714 436 809 494; x_wconf 86' lang='lat' dir='ltr'><strong>frater</strong></span> <span class='ocrx_word' id='word_1_8' title='bbox 826 436 1026 508; x_wconf 79' lang='grc' dir='ltr'>ἀφελέστατος</span> <span class='ocrx_word' id='word_1_9' title='bbox 1043 445 1077 496; x_wconf 91' lang='lat' dir='ltr'><strong>et</strong></span> <span class='ocrx_word' id='word_1_10' title='bbox 1096 458 1191 495; x_wconf 90' lang='lat' dir='ltr'><strong>aman·</strong></span> 
     </span>
     <span class='ocr_line' id='line_1_3' title="bbox 301 532 893 604; baseline 0.007 -17"><span class='ocrx_word' id='word_1_11' title='bbox 301 535 441 589; x_wconf 87' lang='lat' dir='ltr'><strong>tissimus.</strong></span> <span class='ocrx_word' id='word_1_12' title='bbox 487 532 632 590; x_wconf 79' lang='lat' dir='ltr'><strong>Metellus</strong></span> <span class='ocrx_word' id='word_1_13' title='bbox 647 553 709 590; x_wconf 91' lang='lat' dir='ltr'><strong>non</strong></span> <span class='ocrx_word' id='word_1_14' title='bbox 723 533 824 604; x_wconf 88' lang='lat' dir='ltr'><strong>homo,</strong></span> <span class='ocrx_word' id='word_1_15' title='bbox 839 533 893 592; x_wconf 91' lang='lat' dir='ltr'><strong>sed</strong></span> 
     </span>
    </p>
   </div>
   <div class='ocr_carea' id='block_1_3' title="bbox 457 629 1044 716">
    <p class='ocr_par' dir='ltr' id='par_1_3' title="bbox 457 629 1044 716">
     <span class='ocr_line' id='line_1_4' title="bbox 457 629 1044 716; baseline 0.009 -16"><span class='ocrx_word' id='word_1_16' title='bbox 457 629 553 702; x_wconf 82' lang='lat' dir='ltr'><strong>“litus</strong></span> <span class='ocrx_word' id='word_1_17' title='bbox 567 653 659 716; x_wconf 90' lang='lat' dir='ltr'><strong>atque</strong></span> <span class='ocrx_word' id='word_1_18' title='bbox 674 666 726 703; x_wconf 84' lang='lat' dir='ltr'><strong>aer</strong></span> <span class='ocrx_word' id='word_1_19' title='bbox 741 655 773 704; x_wconf 91' lang='lat' dir='ltr'><strong>et</strong></span> <span class='ocrx_word' id='word_1_20' title='bbox 787 647 918 704; x_wconf 92' lang='lat' dir='ltr'><strong>solitudo</strong></span> <span class='ocrx_word' id='word_1_21' title='bbox 932 647 1044 705; x_wconf 85' lang='lat' dir='ltr'><strong>mera.’&#39;</strong></span> 
     </span>
    </p>
   </div>
   <div class='ocr_carea' id='block_1_4' title="bbox 282 757 1230 3258">
    <p class='ocr_par' dir='ltr' id='par_1_4' title="bbox 286 757 1230 3258">
     <span class='ocr_line' id='line_1_5' title="bbox 302 757 1192 830; baseline 0.003 -16"><span class='ocrx_word' id='word_1_22' title='bbox 302 757 348 814; x_wconf 95' lang='lat' dir='ltr'><strong>Tu</strong></span> <span class='ocrx_word' id='word_1_23' title='bbox 369 766 482 829; x_wconf 86' lang='lat' dir='ltr'><strong>autem,</strong></span> <span class='ocrx_word' id='word_1_24' title='bbox 498 763 550 829; x_wconf 93' lang='lat' dir='ltr'><strong>qui</strong></span> <span class='ocrx_word' id='word_1_25' title='bbox 569 764 741 830; x_wconf 81' lang='lat' dir='ltr'><strong>saepissime</strong></span> <span class='ocrx_word' id='word_1_26' title='bbox 762 781 865 817; x_wconf 88' lang='lat' dir='ltr'><strong>curam</strong></span> <span class='ocrx_word' id='word_1_27' title='bbox 885 769 917 818; x_wconf 93' lang='lat' dir='ltr'><strong>et</strong></span> <span class='ocrx_word' id='word_1_28' title='bbox 938 780 1084 830; x_wconf 84' lang='lat' dir='ltr'><strong>angorem</strong></span> <span class='ocrx_word' id='word_1_29' title='bbox 1103 765 1192 819; x_wconf 90' lang='lat' dir='ltr'><strong>animi</strong></span> 
     </span>
     <span class='ocr_line' id='line_1_6' title="bbox 302 843 1206 920; baseline 0.002 -21"><span class='ocrx_word' id='word_1_30' title='bbox 302 846 363 899; x_wconf 93' lang='lat' dir='ltr'><strong>mei</strong></span> <span class='ocrx_word' id='word_1_31' title='bbox 382 862 520 900; x_wconf 86' lang='lat' dir='ltr'><strong>sermone</strong></span> <span class='ocrx_word' id='word_1_32' title='bbox 541 851 573 900; x_wconf 94' lang='lat' dir='ltr'><strong>et</strong></span> <span class='ocrx_word' id='word_1_33' title='bbox 593 843 717 901; x_wconf 89' lang='lat' dir='ltr'><strong>consilio</strong></span> <span class='ocrx_word' id='word_1_34' title='bbox 738 844 845 901; x_wconf 86' lang='lat' dir='ltr'><strong>levasti</strong></span> <span class='ocrx_word' id='word_1_35' title='bbox 866 852 930 920; x_wconf 79' lang='lat' dir='ltr'><strong>tuo,</strong></span> <span class='ocrx_word' id='word_1_36' title='bbox 946 849 998 915; x_wconf 88' lang='lat' dir='ltr'><strong>qui</strong></span> <span class='ocrx_word' id='word_1_37' title='bbox 1017 844 1091 901; x_wconf 90' lang='lat' dir='ltr'><strong>mihi</strong></span> <span class='ocrx_word' id='word_1_38' title='bbox 1111 852 1142 901; x_wconf 92' lang='lat' dir='ltr'><strong>et</strong></span> <span class='ocrx_word' id='word_1_39' title='bbox 1162 849 1206 907; x_wconf 77' lang='lat' dir='ltr'><strong>in,</strong></span> 
     </span>
     <span class='ocr_line' id='line_1_7' title="bbox 301 924 1195 998; baseline 0.006 -17"><span class='ocrx_word' id='word_1_40' title='bbox 301 925 422 996; x_wconf 91' lang='lat' dir='ltr'><strong>publica</strong></span> <span class='ocrx_word' id='word_1_41' title='bbox 441 946 474 983; x_wconf 88' lang='lat' dir='ltr'><strong>re</strong></span> <span class='ocrx_word' id='word_1_42' title='bbox 488 924 585 983; x_wconf 91' lang='lat' dir='ltr'><strong>socius</strong></span> <span class='ocrx_word' id='word_1_43' title='bbox 605 931 665 984; x_wconf 92' lang='lat' dir='ltr'><strong>et</strong></span> <span class='ocrx_word' id='word_1_44' title='bbox 657 948 690 983; x_wconf 89' lang='lat'><strong>111</strong></span> <span class='ocrx_word' id='word_1_45' title='bbox 708 931 832 998; x_wconf 87' lang='lat' dir='ltr'><strong>privatis</strong></span> <span class='ocrx_word' id='word_1_46' title='bbox 852 929 991 985; x_wconf 88' lang='lat' dir='ltr'><strong>omnibus</strong></span> <span class='ocrx_word' id='word_1_47' title='bbox 1012 931 1145 991; x_wconf 87' lang='lat' dir='ltr'><strong>conscius</strong></span> <span class='ocrx_word' id='word_1_48' title='bbox 1163 937 1195 986; x_wconf 89' lang='lat' dir='ltr'><strong>et</strong></span> 
     </span>
     <span class='ocr_line' id='line_1_8' title="bbox 301 1011 1195 1096; baseline 0.002 -30"><span class='ocrx_word' id='word_1_49' title='bbox 301 1013 436 1066; x_wconf 91' lang='lat' dir='ltr'><strong>omnium</strong></span> <span class='ocrx_word' id='word_1_50' title='bbox 450 1029 587 1066; x_wconf 88' lang='lat' dir='ltr'><strong>meorum</strong></span> <span class='ocrx_word' id='word_1_51' title='bbox 602 1030 774 1067; x_wconf 85' lang='lat' dir='ltr'><strong>sermonum</strong></span> <span class='ocrx_word' id='word_1_52' title='bbox 789 1019 822 1068; x_wconf 88' lang='lat' dir='ltr'><strong>et</strong></span> <span class='ocrx_word' id='word_1_53' title='bbox 841 1011 1033 1068; x_wconf 88' lang='lat' dir='ltr'><strong>consiliorum</strong></span> <span class='ocrx_word' id='word_1_54' title='bbox 1047 1016 1195 1096; x_wconf 77' lang='lat' dir='ltr'><strong>particeps</strong></span> 
     </span>
     <span class='ocr_line' id='line_1_9' title="bbox 302 1084 1230 1183; baseline 0.003 -34"><span class='ocrx_word' id='word_1_55' title='bbox 302 1112 367 1150; x_wconf 87' lang='lat' dir='ltr'><strong>esse</strong></span> <span class='ocrx_word' id='word_1_56' title='bbox 382 1092 469 1162; x_wconf 87' lang='lat' dir='ltr'><strong>soles,</strong></span> <span class='ocrx_word' id='word_1_57' title='bbox 478 1095 611 1177; x_wconf 77' lang='lat' dir='ltr'><strong>ubinam</strong></span> <span class='ocrx_word' id='word_1_58' title='bbox 615 1087 694 1177; x_wconf 52' lang='lat' dir='ltr'><strong>effi</strong></span> <span class='ocrx_word' id='word_1_59' title='bbox 720 1086 767 1151; x_wconf 75' lang='lat' dir='ltr'><strong>Ita</strong></span> <span class='ocrx_word' id='word_1_60' title='bbox 782 1115 848 1151; x_wconf 90' lang='lat' dir='ltr'><strong>sum</strong></span> <span class='ocrx_word' id='word_1_61' title='bbox 862 1084 901 1152; x_wconf 85' lang='lat' dir='ltr'><strong>ab</strong></span> <span class='ocrx_word' id='word_1_62' title='bbox 915 1096 1054 1152; x_wconf 77' lang='lat' dir='ltr'><strong>omnibus</strong></span> <span class='ocrx_word' id='word_1_63' title='bbox 1068 1086 1230 1183; x_wconf 90' lang='lat' dir='ltr'><strong>destitu</strong></span> 
     </span>
     <span class='ocr_line' id='line_1_10' title="bbox 294 1142 1230 1248; baseline 0.002 -15"><span class='ocrx_word' id='word_1_64' title='bbox 294 1184 370 1247; x_wconf 75' lang='lat' dir='ltr'><strong>tus,</strong></span> <span class='ocrx_word' id='word_1_65' title='bbox 371 1175 542 1234; x_wconf 67' lang='lat' dir='ltr'><strong>nstantum</strong></span> <span class='ocrx_word' id='word_1_66' title='bbox 553 1181 698 1247; x_wconf 86' lang='lat' dir='ltr'><strong>requietis</strong></span> <span class='ocrx_word' id='word_1_67' title='bbox 712 1177 850 1247; x_wconf 86' lang='lat' dir='ltr'><strong>habeam,</strong></span> <span class='ocrx_word' id='word_1_68' title='bbox 862 1186 1010 1248; x_wconf 89' lang='lat' dir='ltr'><strong>quantum</strong></span> <span class='ocrx_word' id='word_1_69' title='bbox 1021 1198 1090 1235; x_wconf 89' lang='lat' dir='ltr'><strong>cum</strong></span> <span class='ocrx_word' id='word_1_70' title='bbox 1104 1142 1230 1236; x_wconf 52' lang='lat' dir='ltr'><strong>uxorel</strong></span> 
     </span>
     <span class='ocr_line' id='line_1_11' title="bbox 301 1221 1230 1320; baseline 0.003 -4"><span class='ocrx_word' id='word_1_71' title='bbox 301 1268 334 1317; x_wconf 91' lang='lat' dir='ltr'><strong>et</strong></span> <span class='ocrx_word' id='word_1_72' title='bbox 348 1221 438 1316; x_wconf 79' lang='lat' dir='ltr'><strong>liliola</strong></span> <span class='ocrx_word' id='word_1_73' title='bbox 454 1268 486 1318; x_wconf 92' lang='lat' dir='ltr'><strong>et</strong></span> <span class='ocrx_word' id='word_1_74' title='bbox 500 1259 617 1317; x_wconf 91' lang='lat' dir='ltr'><strong>mellito</strong></span> <span class='ocrx_word' id='word_1_75' title='bbox 632 1260 776 1318; x_wconf 89' lang='lat' dir='ltr'><strong>Cicerone</strong></span> <span class='ocrx_word' id='word_1_76' title='bbox 792 1265 985 1318; x_wconf 90' lang='lat' dir='ltr'><strong>consumitur.</strong></span> <span class='ocrx_word' id='word_1_77' title='bbox 1031 1262 1110 1318; x_wconf 90' lang='lat' dir='ltr'><strong>Nam</strong></span> <span class='ocrx_word' id='word_1_78' title='bbox 1127 1262 1230 1320; x_wconf 87' lang='lat' dir='ltr'><strong>illae</strong></span> 
     </span>
     <span class='ocr_line' id='line_1_12' title="bbox 301 1343 1230 1419; baseline 0.005 -21"><span class='ocrx_word' id='word_1_79' title='bbox 301 1344 477 1401; x_wconf 88' lang='lat' dir='ltr'><strong>ambitiosae</strong></span> <span class='ocrx_word' id='word_1_80' title='bbox 492 1351 612 1400; x_wconf 87' lang='lat' dir='ltr'><strong>nostrae</strong></span> <span class='ocrx_word' id='word_1_81' title='bbox 628 1343 808 1414; x_wconf 86' lang='lat' dir='ltr'><strong>fucosaeque</strong></span> <span class='ocrx_word' id='word_1_82' title='bbox 826 1348 976 1401; x_wconf 88' lang='lat' dir='ltr'><strong>amicitiae</strong></span> <span class='ocrx_word' id='word_1_83' title='bbox 990 1353 1063 1402; x_wconf 90' lang='lat' dir='ltr'><strong>sunt</strong></span> <span class='ocrx_word' id='word_1_84' title='bbox 1077 1350 1109 1401; x_wconf 94' lang='lat' dir='ltr'><strong>in</strong></span> <span class='ocrx_word' id='word_1_85' title='bbox 1124 1365 1198 1416; x_wconf 92' lang='lat' dir='ltr'><strong>quo·</strong></span> <span class='ocrx_word' id='word_1_86' title='bbox 1229 1376 1230 1419; x_wconf 45' lang='lat' dir='ltr'><strong>p</strong></span> 
     </span>
     <span class='ocr_line' id='line_1_13' title="bbox 301 1422 1230 1498; baseline 0.003 -15"><span class='ocrx_word' id='word_1_87' title='bbox 301 1426 371 1483; x_wconf 87' lang='lat' dir='ltr'><strong>dam</strong></span> <span class='ocrx_word' id='word_1_88' title='bbox 386 1426 547 1498; x_wconf 89' lang='lat' dir='ltr'><strong>splendore</strong></span> <span class='ocrx_word' id='word_1_89' title='bbox 561 1426 683 1496; x_wconf 83' lang='lat' dir='ltr'><strong>forensi,</strong></span> <span class='ocrx_word' id='word_1_90' title='bbox 698 1426 831 1484; x_wconf 84' lang='lat' dir='ltr'><strong>fructum</strong></span> <span class='ocrx_word' id='word_1_91' title='bbox 846 1427 1046 1485; x_wconf 91' lang='lat' dir='ltr'><strong>domesticum</strong></span> <span class='ocrx_word' id='word_1_92' title='bbox 1062 1448 1124 1485; x_wconf 92' lang='lat' dir='ltr'><strong>non</strong></span> <span class='ocrx_word' id='word_1_93' title='bbox 1144 1428 1197 1486; x_wconf 79' lang='lat' dir='ltr'><strong>lra—</strong></span> <span class='ocrx_word' id='word_1_94' title='bbox 1227 1422 1230 1497; x_wconf 72' lang='lat' dir='ltr'><strong>l</strong></span> 
     </span>
     <span class='ocr_line' id='line_1_14' title="bbox 301 1510 1230 1583; baseline 0.003 -16"><span class='ocrx_word' id='word_1_95' title='bbox 301 1511 384 1568; x_wconf 90' lang='lat' dir='ltr'><strong>bent.</strong></span> <span class='ocrx_word' id='word_1_96' title='bbox 417 1510 534 1580; x_wconf 88' lang='lat' dir='ltr'><strong>Itaque,</strong></span> <span class='ocrx_word' id='word_1_97' title='bbox 546 1530 615 1566; x_wconf 92' lang='lat' dir='ltr'><strong>cum</strong></span> <span class='ocrx_word' id='word_1_98' title='bbox 626 1511 705 1567; x_wconf 92' lang='lat' dir='ltr'><strong>bene</strong></span> <span class='ocrx_word' id='word_1_99' title='bbox 717 1510 868 1581; x_wconf 79' lang='lat' dir='ltr'><strong>completa</strong></span> <span class='ocrx_word' id='word_1_100' title='bbox 879 1510 985 1568; x_wconf 91' lang='lat' dir='ltr'><strong>domus</strong></span> <span class='ocrx_word' id='word_1_101' title='bbox 997 1519 1198 1583; x_wconf 87' lang='lat' dir='ltr'><strong>esttemp&#39;ore</strong></span> <span class='ocrx_word' id='word_1_102' title='bbox 1229 1514 1230 1521; x_wconf 72' lang='grc'>’</span> 
     </span>
     <span class='ocr_line' id='line_1_15' title="bbox 300 1592 1198 1665; baseline 0.003 -15"><span class='ocrx_word' id='word_1_103' title='bbox 300 1597 460 1663; x_wconf 85' lang='lat' dir='ltr'><strong>matutino,</strong></span> <span class='ocrx_word' id='word_1_104' title='bbox 476 1613 545 1650; x_wconf 88' lang='lat' dir='ltr'><strong>cum</strong></span> <span class='ocrx_word' id='word_1_105' title='bbox 565 1592 604 1650; x_wconf 91' lang='lat' dir='ltr'><strong>ad</strong></span> <span class='ocrx_word' id='word_1_106' title='bbox 625 1593 724 1650; x_wconf 84' lang='lat' dir='ltr'><strong>forum</strong></span> <span class='ocrx_word' id='word_1_107' title='bbox 743 1598 846 1664; x_wconf 88' lang='lat' dir='ltr'><strong>stipati</strong></span> <span class='ocrx_word' id='word_1_108' title='bbox 867 1595 1012 1665; x_wconf 81' lang='lat' dir='ltr'><strong>gregibus</strong></span> <span class='ocrx_word' id='word_1_109' title='bbox 1032 1600 1198 1653; x_wconf 92' lang='lat' dir='ltr'><strong>amicorum</strong></span> 
     </span>
     <span class='ocr_line' id='line_1_16' title="bbox 301 1677 1199 1748; baseline 0.003 -14"><span class='ocrx_word' id='word_1_110' title='bbox 301 1677 522 1747; x_wconf 88' lang='lat' dir='ltr'><strong>descendimus,</strong></span> <span class='ocrx_word' id='word_1_111' title='bbox 552 1680 684 1747; x_wconf 87' lang='lat' dir='ltr'><strong>reperire</strong></span> <span class='ocrx_word' id='word_1_112' title='bbox 713 1697 751 1734; x_wconf 91' lang='lat' dir='ltr'><strong>ex</strong></span> <span class='ocrx_word' id='word_1_113' title='bbox 779 1697 889 1748; x_wconf 86' lang='lat' dir='ltr'><strong>magna</strong></span> <span class='ocrx_word' id='word_1_114' title='bbox 917 1678 1007 1735; x_wconf 88' lang='lat' dir='ltr'><strong>turba</strong></span> <span class='ocrx_word' id='word_1_115' title='bbox 1041 1683 1199 1737; x_wconf 91' lang='lat' dir='ltr'><strong>neminem</strong></span> 
     </span>
     <span class='ocr_line' id='line_1_17' title="bbox 300 1760 1230 1834; baseline 0.003 -16"><span class='ocrx_word' id='word_1_116' title='bbox 300 1780 467 1834; x_wconf 72' lang='lat' dir='ltr'><strong>possumus</strong></span> <span class='ocrx_word' id='word_1_117' title='bbox 494 1780 623 1831; x_wconf 90' lang='lat' dir='ltr'><strong>quocum</strong></span> <span class='ocrx_word' id='word_1_118' title='bbox 647 1768 701 1831; x_wconf 81' lang='lat' dir='ltr'><strong>aut</strong></span> <span class='ocrx_word' id='word_1_119' title='bbox 729 1765 819 1817; x_wconf 87' lang='lat' dir='ltr'><strong>iocari</strong></span> <span class='ocrx_word' id='word_1_120' title='bbox 847 1760 942 1819; x_wconf 88' lang='lat' dir='ltr'><strong>libere</strong></span> <span class='ocrx_word' id='word_1_121' title='bbox 968 1770 1021 1819; x_wconf 89' lang='lat' dir='ltr'><strong>aut</strong></span> <span class='ocrx_word' id='word_1_122' title='bbox 1049 1767 1199 1834; x_wconf 88' lang='lat' dir='ltr'><strong>suspirare</strong></span> <span class='ocrx_word' id='word_1_123' title='bbox 1229 1760 1230 1787; x_wconf 69' lang='lat'><strong>.</strong></span> 
     </span>
     <span class='ocr_line' id='line_1_18' title="bbox 300 1843 1199 1927; baseline 0.006 -27"><span class='ocrx_word' id='word_1_124' title='bbox 300 1843 488 1901; x_wconf 82' lang='lat' dir='ltr'><strong>familiariter</strong></span> <span class='ocrx_word' id='word_1_125' title='bbox 502 1848 660 1927; x_wconf 49' lang='lat' dir='ltr'><strong>possimus7</strong></span> <span class='ocrx_word' id='word_1_126' title='bbox 695 1843 796 1915; x_wconf 86' lang='lat' dir='ltr'><strong>Quare</strong></span> <span class='ocrx_word' id='word_1_127' title='bbox 811 1852 1079 1916; x_wconf 87' lang='lat' dir='ltr'><strong>teexspectamus,</strong></span> <span class='ocrx_word' id='word_1_128' title='bbox 1094 1854 1128 1904; x_wconf 91' lang='lat' dir='ltr'><strong>te</strong></span> <span class='ocrx_word' id='word_1_129' title='bbox 1145 1847 1199 1905; x_wconf 90' lang='lat' dir='ltr'><strong>de·</strong></span> 
     </span>
     <span class='ocr_line' id='line_1_19' title="bbox 301 1927 1198 1997; baseline 0.006 -13"><span class='ocrx_word' id='word_1_130' title='bbox 301 1927 475 1997; x_wconf 68' lang='lat' dir='ltr'><strong>sideramus</strong></span> <span class='ocrx_word' id='word_1_131' title='bbox 501 1935 533 1984; x_wconf 91' lang='lat' dir='ltr'><strong>te</strong></span> <span class='ocrx_word' id='word_1_132' title='bbox 562 1931 622 1984; x_wconf 88' lang='lat' dir='ltr'><strong>iam</strong></span> <span class='ocrx_word' id='word_1_133' title='bbox 651 1932 743 1984; x_wconf 91' lang='lat' dir='ltr'><strong>etiam</strong></span> <span class='ocrx_word' id='word_1_134' title='bbox 766 1932 949 1986; x_wconf 85' lang='lat' dir='ltr'><strong>arcessimus.</strong></span> <span class='ocrx_word' id='word_1_135' title='bbox 996 1929 1095 1986; x_wconf 87' lang='lat' dir='ltr'><strong>Multa</strong></span> <span class='ocrx_word' id='word_1_136' title='bbox 1124 1940 1198 1989; x_wconf 94' lang='lat' dir='ltr'><strong>sunt</strong></span> 
     </span>
     <span class='ocr_line' id='line_1_20' title="bbox 301 2010 1230 2084; baseline 0.004 -16"><span class='ocrx_word' id='word_1_137' title='bbox 301 2015 393 2082; x_wconf 83' lang='lat' dir='ltr'><strong>enim,</strong></span> <span class='ocrx_word' id='word_1_138' title='bbox 419 2030 509 2084; x_wconf 88' lang='lat' dir='ltr'><strong>quae</strong></span> <span class='ocrx_word' id='word_1_139' title='bbox 521 2030 570 2067; x_wconf 86' lang='lat' dir='ltr'><strong>me</strong></span> <span class='ocrx_word' id='word_1_140' title='bbox 595 2010 759 2069; x_wconf 85' lang='lat' dir='ltr'><strong>sollicitant</strong></span> <span class='ocrx_word' id='word_1_141' title='bbox 787 2012 1002 2083; x_wconf 89' lang='lat' dir='ltr'><strong>ang&#39;untque;</strong></span> <span class='ocrx_word' id='word_1_142' title='bbox 1015 2033 1092 2084; x_wconf 82' lang='lat' dir='ltr'><strong>quse</strong></span> <span class='ocrx_word' id='word_1_143' title='bbox 1122 2015 1200 2072; x_wconf 91' lang='lat' dir='ltr'><strong>mihi</strong></span> <span class='ocrx_word' id='word_1_144' title='bbox 1229 2028 1230 2057; x_wconf 73' lang='lat'>³</span> 
     </span>
     <span class='ocr_line' id='line_1_21' title="bbox 301 2095 1198 2156; baseline 0.004 -4"><span class='ocrx_word' id='word_1_145' title='bbox 301 2095 405 2152; x_wconf 88' lang='lat' dir='ltr'><strong>videor</strong></span> <span class='ocrx_word' id='word_1_146' title='bbox 418 2114 504 2152; x_wconf 92' lang='lat' dir='ltr'><strong>aures</strong></span> <span class='ocrx_word' id='word_1_147' title='bbox 519 2102 626 2151; x_wconf 86' lang='lat' dir='ltr'><strong>nactus</strong></span> <span class='ocrx_word' id='word_1_148' title='bbox 640 2102 707 2152; x_wconf 87' lang='lat' dir='ltr'><strong>tuas</strong></span> <span class='ocrx_word' id='word_1_149' title='bbox 722 2099 811 2152; x_wconf 90' lang='lat' dir='ltr'><strong>unius</strong></span> <span class='ocrx_word' id='word_1_150' title='bbox 825 2096 1036 2154; x_wconf 89' lang='lat' dir='ltr'><strong>ambulationis</strong></span> <span class='ocrx_word' id='word_1_151' title='bbox 1056 2117 1198 2156; x_wconf 88' lang='lat' dir='ltr'><strong>sermone</strong></span> 
     </span>
     <span class='ocr_line' id='line_1_22' title="bbox 302 2177 1119 2249; baseline -0.001 -14"><span class='ocrx_word' id='word_1_152' title='bbox 302 2177 460 2237; x_wconf 87' lang='lat' dir='ltr'><strong>exhaurire</strong></span> <span class='ocrx_word' id='word_1_153' title='bbox 477 2197 572 2249; x_wconf 91' lang='lat' dir='ltr'><strong>posse.</strong></span> <span class='ocrx_word' id='word_1_154' title='bbox 1116 2198 1119 2207; x_wconf 73' lang='lat'><strong><em>¹</em></strong></span> 
     </span>
     <span class='ocr_line' id='line_1_23' title="bbox 282 2242 1200 2331; baseline 0.005 -13.285"><span class='ocrx_word' id='word_1_155' title='bbox 282 2242 389 2318; x_wconf 85' lang='lat' dir='ltr'><strong>Ac</strong></span> <span class='ocrx_word' id='word_1_156' title='bbox 414 2261 646 2318; x_wconf 87' lang='lat' dir='ltr'><strong>domesticarum</strong></span> <span class='ocrx_word' id='word_1_157' title='bbox 669 2261 793 2331; x_wconf 91' lang='lat' dir='ltr'><strong>quidem</strong></span> <span class='ocrx_word' id='word_1_158' title='bbox 816 2262 1053 2320; x_wconf 89' lang='lat' dir='ltr'><strong>sollicitudinum</strong></span> <span class='ocrx_word' id='word_1_159' title='bbox 1075 2264 1200 2322; x_wconf 88' lang='lat' dir='ltr'><strong>aculeos</strong></span> 
     </span>
     <span class='ocr_line' id='line_1_24' title="bbox 301 2344 1199 2419; baseline 0.005 -19"><span class='ocrx_word' id='word_1_160' title='bbox 301 2364 406 2401; x_wconf 91' lang='lat' dir='ltr'><strong>omnes</strong></span> <span class='ocrx_word' id='word_1_161' title='bbox 425 2352 457 2401; x_wconf 88' lang='lat' dir='ltr'><strong>et</strong></span> <span class='ocrx_word' id='word_1_162' title='bbox 476 2344 631 2415; x_wconf 88' lang='lat' dir='ltr'><strong>scrupulos</strong></span> <span class='ocrx_word' id='word_1_163' title='bbox 650 2345 750 2402; x_wconf 90' lang='lat' dir='ltr'><strong>occult</strong></span> <span class='ocrx_word' id='word_1_164' title='bbox 738 2347 817 2416; x_wconf 85' lang='lat' dir='ltr'><strong>tabo,</strong></span> <span class='ocrx_word' id='word_1_165' title='bbox 839 2366 939 2416; x_wconf 91' lang='lat' dir='ltr'><strong>neque</strong></span> <span class='ocrx_word' id='word_1_166' title='bbox 962 2366 1020 2416; x_wconf 86' lang='lat' dir='ltr'><strong>ego</strong></span> <span class='ocrx_word' id='word_1_167' title='bbox 1041 2346 1112 2404; x_wconf 90' lang='lat' dir='ltr'><strong>huic</strong></span> <span class='ocrx_word' id='word_1_168' title='bbox 1133 2352 1199 2419; x_wconf 90' lang='lat' dir='ltr'><strong>epi-</strong></span> 
     </span>
     <span class='ocr_line' id='line_1_25' title="bbox 302 2426 1200 2500; baseline 0.004 -16"><span class='ocrx_word' id='word_1_169' title='bbox 302 2426 398 2484; x_wconf 91' lang='lat' dir='ltr'><strong>stulae</strong></span> <span class='ocrx_word' id='word_1_170' title='bbox 413 2435 505 2498; x_wconf 90' lang='lat' dir='ltr'><strong>atque</strong></span> <span class='ocrx_word' id='word_1_171' title='bbox 520 2431 626 2498; x_wconf 89' lang='lat' dir='ltr'><strong>ignoto</strong></span> <span class='ocrx_word' id='word_1_172' title='bbox 640 2428 797 2486; x_wconf 88' lang='lat' dir='ltr'><strong>tabellario</strong></span> <span class='ocrx_word' id='word_1_173' title='bbox 812 2434 1007 2487; x_wconf 85' lang='lat' dir='ltr'><strong>committam.</strong></span> <span class='ocrx_word' id='word_1_174' title='bbox 1045 2430 1151 2500; x_wconf 90' lang='lat' dir='ltr'><strong>Atque</strong></span> <span class='ocrx_word' id='word_1_175' title='bbox 1166 2430 1200 2488; x_wconf 92' lang='lat' dir='ltr'><strong>hi</strong></span> 
     </span>
     <span class='ocr_line' id='line_1_26' title="bbox 301 2498 1200 2584; baseline 0.006 -17"><span class='ocrx_word' id='word_1_176' title='bbox 301 2498 386 2578; x_wconf 91' lang='lat' dir='ltr'><strong>(nolo</strong></span> <span class='ocrx_word' id='word_1_177' title='bbox 404 2514 486 2567; x_wconf 88' lang='lat' dir='ltr'><strong>enim</strong></span> <span class='ocrx_word' id='word_1_178' title='bbox 507 2519 540 2568; x_wconf 92' lang='lat' dir='ltr'><strong>te</strong></span> <span class='ocrx_word' id='word_1_179' title='bbox 561 2501 743 2582; x_wconf 85' lang='lat' dir='ltr'><strong>permoveri)</strong></span> <span class='ocrx_word' id='word_1_180' title='bbox 765 2532 827 2569; x_wconf 91' lang='lat' dir='ltr'><strong>non</strong></span> <span class='ocrx_word' id='word_1_181' title='bbox 848 2521 920 2571; x_wconf 90' lang='lat' dir='ltr'><strong>sunt</strong></span> <span class='ocrx_word' id='word_1_182' title='bbox 941 2513 1127 2584; x_wconf 88' lang='lat' dir='ltr'><strong>permolesti‚</strong></span> <span class='ocrx_word' id='word_1_183' title='bbox 1143 2515 1200 2572; x_wconf 91' lang='lat' dir='ltr'><strong>sed</strong></span> 
     </span>
     <span class='ocr_line' id='line_1_27' title="bbox 300 2594 1201 2666; baseline 0.004 -15"><span class='ocrx_word' id='word_1_184' title='bbox 300 2601 404 2651; x_wconf 86' lang='lat' dir='ltr'><strong>tamen</strong></span> <span class='ocrx_word' id='word_1_185' title='bbox 419 2594 553 2652; x_wconf 90' lang='lat' dir='ltr'><strong>insident</strong></span> <span class='ocrx_word' id='word_1_186' title='bbox 568 2603 600 2652; x_wconf 91' lang='lat' dir='ltr'><strong>et</strong></span> <span class='ocrx_word' id='word_1_187' title='bbox 620 2604 731 2666; x_wconf 87' lang='lat' dir='ltr'><strong>urgent</strong></span> <span class='ocrx_word' id='word_1_188' title='bbox 749 2604 782 2653; x_wconf 89' lang='lat' dir='ltr'><strong>et</strong></span> <span class='ocrx_word' id='word_1_189' title='bbox 801 2596 912 2653; x_wconf 90' lang='lat' dir='ltr'><strong>nullius</strong></span> <span class='ocrx_word' id='word_1_190' title='bbox 927 2601 1056 2654; x_wconf 90' lang='lat' dir='ltr'><strong>amantis</strong></span> <span class='ocrx_word' id='word_1_191' title='bbox 1071 2598 1201 2656; x_wconf 91' lang='lat' dir='ltr'><strong>consilio</strong></span> 
     </span>
     <span class='ocr_line' id='line_1_28' title="bbox 300 2679 1200 2751; baseline 0.006 -17"><span class='ocrx_word' id='word_1_192' title='bbox 300 2686 353 2735; x_wconf 91' lang='lat' dir='ltr'><strong>aut</strong></span> <span class='ocrx_word' id='word_1_193' title='bbox 374 2698 512 2735; x_wconf 86' lang='lat' dir='ltr'><strong>sermone</strong></span> <span class='ocrx_word' id='word_1_194' title='bbox 534 2683 743 2749; x_wconf 89' lang='lat' dir='ltr'><strong>requiescunt;</strong></span> <span class='ocrx_word' id='word_1_195' title='bbox 766 2683 797 2735; x_wconf 92' lang='lat' dir='ltr'><strong>in</strong></span> <span class='ocrx_word' id='word_1_196' title='bbox 812 2679 980 2750; x_wconf 88' lang='lat' dir='ltr'><strong>republica</strong></span> <span class='ocrx_word' id='word_1_197' title='bbox 994 2700 1074 2751; x_wconf 84' lang='lat' dir='ltr'><strong>vero,</strong></span> <span class='ocrx_word' id='word_1_198' title='bbox 1091 2700 1200 2751; x_wconf 89' lang='lat' dir='ltr'><strong>quarn-</strong></span> 
     </span>
     <span class='ocr_line' id='line_1_29' title="bbox 286 2753 1202 2833; baseline 0.007 -16"><span class='ocrx_word' id='word_1_199' title='bbox 286 2781 391 2832; x_wconf 28' lang='lat' dir='ltr'><strong>·quam</strong></span> <span class='ocrx_word' id='word_1_200' title='bbox 419 2766 535 2819; x_wconf 88' lang='lat' dir='ltr'><strong>animus</strong></span> <span class='ocrx_word' id='word_1_201' title='bbox 565 2770 612 2819; x_wconf 91' lang='lat' dir='ltr'><strong>est</strong></span> <span class='ocrx_word' id='word_1_202' title='bbox 640 2782 792 2833; x_wconf 80' lang='lat' dir='ltr'><strong>praesens,</strong></span> <span class='ocrx_word' id='word_1_203' title='bbox 818 2772 921 2821; x_wconf 85' lang='lat' dir='ltr'><strong>tamen</strong></span> <span class='ocrx_word' id='word_1_204' title='bbox 950 2753 1078 2820; x_wconf 87' lang='lat' dir='ltr'><strong>vulnusl</strong></span> <span class='ocrx_word' id='word_1_205' title='bbox 1103 2769 1202 2823; x_wconf 88' lang='lat' dir='ltr'><strong>etiam</strong></span> 
     </span>
     <span class='ocr_line' id='line_1_30' title="bbox 298 2846 1200 2917; baseline 0.004 -15"><span class='ocrx_word' id='word_1_206' title='bbox 298 2853 391 2915; x_wconf 88' lang='lat' dir='ltr'><strong>atque</strong></span> <span class='ocrx_word' id='word_1_207' title='bbox 406 2849 499 2902; x_wconf 85' lang='lat' dir='ltr'><strong>etiam</strong></span> <span class='ocrx_word' id='word_1_208' title='bbox 513 2850 577 2917; x_wconf 85' lang='lat' dir='ltr'><strong>ipsa</strong></span> <span class='ocrx_word' id='word_1_209' title='bbox 590 2846 741 2903; x_wconf 88' lang='lat' dir='ltr'><strong>medicina</strong></span> <span class='ocrx_word' id='word_1_210' title='bbox 756 2847 854 2904; x_wconf 86' lang='lat' dir='ltr'><strong>efficit.</strong></span> <span class='ocrx_word' id='word_1_211' title='bbox 890 2847 978 2917; x_wconf 89' lang='lat' dir='ltr'><strong>Nam,</strong></span> <span class='ocrx_word' id='word_1_212' title='bbox 993 2855 1028 2904; x_wconf 93' lang='lat' dir='ltr'><strong>ut</strong></span> <span class='ocrx_word' id='word_1_213' title='bbox 1043 2867 1079 2904; x_wconf 86' lang='lat' dir='ltr'><strong>ea</strong></span> <span class='ocrx_word' id='word_1_214' title='bbox 1093 2848 1200 2906; x_wconf 88' lang='lat' dir='ltr'><strong>brevi-</strong></span> 
     </span>
     <span class='ocr_line' id='line_1_31' title="bbox 298 2929 1201 3003; baseline 0.003 -16"><span class='ocrx_word' id='word_1_215' title='bbox 298 2937 356 3000; x_wconf 86' lang='lat' dir='ltr'><strong>ter,</strong></span> <span class='ocrx_word' id='word_1_216' title='bbox 372 2948 449 2999; x_wconf 88' lang='lat' dir='ltr'><strong>quae</strong></span> <span class='ocrx_word' id='word_1_217' title='bbox 470 2938 539 3000; x_wconf 93' lang='lat' dir='ltr'><strong>post</strong></span> <span class='ocrx_word' id='word_1_218' title='bbox 559 2937 647 2987; x_wconf 89' lang='lat' dir='ltr'><strong>tuum</strong></span> <span class='ocrx_word' id='word_1_219' title='bbox 668 2929 833 2988; x_wconf 88' lang='lat' dir='ltr'><strong>discessum</strong></span> <span class='ocrx_word' id='word_1_220' title='bbox 854 2938 921 2987; x_wconf 85' lang='lat' dir='ltr'><strong>acta</strong></span> <span class='ocrx_word' id='word_1_221' title='bbox 942 2938 1023 3000; x_wconf 87' lang='lat' dir='ltr'><strong>sunt,</strong></span> <span class='ocrx_word' id='word_1_222' title='bbox 1044 2930 1201 3003; x_wconf 86' lang='lat' dir='ltr'><strong>colligam,</strong></span> 
     </span>
     <span class='ocr_line' id='line_1_32' title="bbox 299 3012 1202 3074; baseline 0.004 -4"><span class='ocrx_word' id='word_1_223' title='bbox 299 3017 358 3070; x_wconf 88' lang='lat' dir='ltr'><strong>iam</strong></span> <span class='ocrx_word' id='word_1_224' title='bbox 373 3012 522 3070; x_wconf 81' lang='lat' dir='ltr'><strong>exclames</strong></span> <span class='ocrx_word' id='word_1_225' title='bbox 537 3033 661 3071; x_wconf 88' lang='lat' dir='ltr'><strong>necesse</strong></span> <span class='ocrx_word' id='word_1_226' title='bbox 680 3022 727 3070; x_wconf 90' lang='lat' dir='ltr'><strong>est</strong></span> <span class='ocrx_word' id='word_1_227' title='bbox 746 3034 793 3071; x_wconf 90' lang='lat' dir='ltr'><strong>res</strong></span> <span class='ocrx_word' id='word_1_228' title='bbox 818 3013 965 3071; x_wconf 86' lang='lat' dir='ltr'><strong>Romanas</strong></span> <span class='ocrx_word' id='word_1_229' title='bbox 980 3013 1094 3071; x_wconf 91' lang='lat' dir='ltr'><strong>diutius</strong></span> <span class='ocrx_word' id='word_1_230' title='bbox 1116 3024 1202 3074; x_wconf 88' lang='lat' dir='ltr'><strong>stare</strong></span> 
     </span>
     <span class='ocr_line' id='line_1_33' title="bbox 297 3097 1201 3172; baseline 0.004 -18"><span class='ocrx_word' id='word_1_231' title='bbox 297 3117 360 3154; x_wconf 93' lang='lat' dir='ltr'><strong>non</strong></span> <span class='ocrx_word' id='word_1_232' title='bbox 375 3117 469 3169; x_wconf 89' lang='lat' dir='ltr'><strong>posse.</strong></span> <span class='ocrx_word' id='word_1_233' title='bbox 515 3097 638 3155; x_wconf 91' lang='lat' dir='ltr'><strong>Etenim</strong></span> <span class='ocrx_word' id='word_1_234' title='bbox 652 3106 721 3168; x_wconf 91' lang='lat' dir='ltr'><strong>post</strong></span> <span class='ocrx_word' id='word_1_235' title='bbox 735 3097 955 3168; x_wconf 84' lang='lat' dir='ltr'><strong>profectionem</strong></span> <span class='ocrx_word' id='word_1_236' title='bbox 972 3105 1054 3154; x_wconf 84' lang='lat' dir='ltr'><strong>tuam</strong></span> <span class='ocrx_word' id='word_1_237' title='bbox 1069 3102 1201 3172; x_wconf 79' lang='lat' dir='ltr'><strong>primuS,</strong></span> 
     </span>
     <span class='ocr_line' id='line_1_34' title="bbox 445 3192 1031 3258; baseline 0.002 -17"><span class='ocrx_word' id='word_1_238' title='bbox 445 3194 555 3242; x_wconf 88' lang='lat' dir='ltr'><strong>¹vulnus</strong></span> <span class='ocrx_word' id='word_1_239' title='bbox 566 3193 718 3258; x_wconf 79' lang='lat' dir='ltr'><strong>Sternkopf,</strong></span> <span class='ocrx_word' id='word_1_240' title='bbox 730 3193 797 3242; x_wconf 81' lang='lat' dir='ltr'><strong>Leo:</strong></span> <span class='ocrx_word' id='word_1_241' title='bbox 813 3194 941 3242; x_wconf 79' lang='lat' dir='ltr'><strong>voluntas</strong></span> <span class='ocrx_word' id='word_1_242' title='bbox 955 3192 1031 3242; x_wconf 86' lang='lat' dir='ltr'><strong>MSS.</strong></span> 
     </span>
    </p>
   </div>
   <div class='ocr_carea' id='block_1_5' title="bbox 384 3270 437 3334">
    <p class='ocr_par' dir='ltr' id='par_1_5' title="bbox 384 3270 437 3334">
     <span class='ocr_line' id='line_1_35' title="bbox 384 3270 437 3334; baseline -0.075 0"><span class='ocrx_word' id='word_1_243' title='bbox 384 3270 437 3334; x_wconf 85' lang='grc'><strong>76-</strong></span> 
     </span>
    </p>
   </div>
   <div class='ocr_carea' id='block_1_6' title="bbox 0 0 1250 3854">
    <p class='ocr_par' dir='ltr' id='par_1_6' title="bbox 0 0 1250 3854">
     <span class='ocr_line' id='line_1_36' title="bbox 0 0 1250 3854; baseline 0 0"><span class='ocrx_word' id='word_1_244' title='bbox 0 0 1250 3854; x_wconf 95' lang='lat' dir='ltr'><strong> </strong></span> 
     </span>
    </p>
   </div>
  </div>
 </body>
</html>
