2526 3850
465 263 634 324 MARCUS
655 262 838 325 TULLIUS
859 264 1010 325 CICERO

694 558 782 616 XXV

581 673 685 711 cronno
707 672 813 712 muco
835 672 893 711 ssu.

78 754 137 812 Ser.
155 753 268 825 Dyrra-
334 748 406 807 Post
419 757 506 807 tuum
521 769 539 806 a
552 769 602 807 me
613 750 778 807 discessum
788 749 910 808 litterae
921 749 997 807 mihi
1009 749 1102 808 Roma
1112 750 1178 808 alla·

78 837 124 895 ⁶115
137 859 172 895 m·
189 836 260 895 Dec·
290 852 341 902 tae
356 853 437 916 sunt,
452 866 489 903 ex
505 846 614 917 quibus
628 850 777 918 perspicio
792 847 878 903 nobis
892 849 924 902 in
942 845 999 903 hac
1014 846 1180 905 calamitate

79 942 105 979 a·
123 922 268 993 asopus
290 941 509 999 tabescendum
524 961 597 999 csse.
637 942 745 1013 Neque
761 946 843 999 enim
859 928 928 1010 (sed
942 942 1053 999 bonam
1070 946 1101 999 in
1118 961 1181 1014 par·

80 1004 129 1063 IV
141 1004 198 1076 Μ’
213 1013 278 1063 “m
291 1045 355 1095 tem
369 1024 522 1108 accipies),
534 1041 560 1094 si
574 1037 636 1095 ulla
650 1057 718 1109 spes
734 1037 838 1096 salutis
853 1045 974 1095 nostrae
989 1038 1135 1109 subesset,
1148 1045 1182 1096 tu

80 1087 118 1146 H
129 1087 166 1147 K’
184 1087 247 1146 Im
290 1153 345 1206 pro
359 1141 414 1192 tuo
427 1153 529 1191 amore
544 1138 576 1190 in
590 1153 640 1191 mc
655 1133 713 1190 hoc
728 1141 866 1205 tempore
881 1133 1076 1191 discessisses
1115 1133 1184 1205 Sed,

290 1249 331 1287 ne
345 1233 455 1301 ingrati
471 1238 524 1288 aut
542 1249 581 1287 ne
599 1233 700 1287 omnia
716 1228 795 1286 velle
813 1230 971 1287 nobiscum
987 1249 1049 1286 una
1062 1233 1184 1287 interire

291 1325 456 1395 videamur,
471 1325 529 1383 hoc
544 1330 667 1394 omitio;
681 1324 758 1382 illud
771 1326 825 1382 abs
841 1332 874 1382 te
892 1333 966 1397 peto
983 1325 1037 1383 des
1055 1345 1186 1397 operam,

291 1420 323 1478 id
342 1420 423 1492 quod
442 1419 517 1477 mihi
536 1420 710 1492 adfirmasti,
728 1428 763 1478 ut
783 1427 815 1478 te
834 1429 906 1478 ante
926 1419 1079 1479 Kalendas
1098 1420 1185 1478 lanu-

290 1520 366 1574 arias
381 1508 563 1588 ubicumque
578 1521 698 1587 erimus,
714 1521 808 1575 sistas.

689 1783 792 1840 XXVI

583 1872 687 1936 emano
708 1897 815 1936 ammo
836 1897 894 1937 sau

80 1986 138 2044 Ser,
156 1986 268 2058 Dyrra.
334 1974 471 2033 Litterae
485 1974 561 2032 mihi
575 1995 593 2032 a
607 1974 724 2046 Quinto
738 1973 832 2032 fratre
847 1994 917 2032 cum
931 1983 1055 2034 senatus
1070 1975 1192 2035 consul-

80 2069 125 2128 clu'
141 2092 175 2128 m.
192 2069 279 2127 Ianu-
292 2078 335 2141 to,
352 2070 434 2142 quod
451 2070 491 2128 de
512 2090 562 2128 me
585 2078 632 2128 est
653 2069 778 2141 factum,
800 2070 910 2128 allatae
931 2077 1011 2128 sunt.
1057 2069 1138 2129 Mihi
1159 2075 1194 2128 in

81 2153 142 2212 “²5⁰
157 2174 182 2211 θ·
200 2153 262 2211 697
292 2171 393 2223 animo
408 2174 455 2223 est
469 2166 573 2238 legum
587 2166 733 2223 lationem
749 2158 935 2238 exspectare,
947 2172 990 2237 et,
1001 2169 1025 2223 si
1038 2166 1194 2225 obtrecta-

292 2263 385 2334 bitur,
400 2269 469 2319 utar
489 2266 671 2326 auctoritate
694 2269 817 2320 senatus
839 2270 872 2319 et
893 2265 993 2334 potius
1015 2266 1078 2320 vita
1099 2282 1196 2335 quam

292 2362 390 2431 patria
404 2359 520 2416 carebo.
566 2357 623 2428 Tu,
638 2378 760 2429 quaeso,
775 2358 887 2416 festina
900 2357 939 2416 ad
953 2377 1008 2416 nos
1022 2362 1137 2417 venire.

681 2645 801 2705 XXVII

584 2763 688 2801 cronno
710 2761 817 2801 arrico
839 2761 897 2801 sau
1005 2800 1008 2805 .

81 2842 140 2901 Scr.
156 2843 269 2915 Dyrra-
336 2840 382 2899 Ex
397 2845 457 2898 tuis
472 2840 582 2898 litteris
598 2847 631 2897 et
650 2859 687 2897 ex
708 2859 741 2897 re
761 2843 826 2911 ipsa
845 2858 899 2897 nos
919 2838 1058 2897 funditus
1076 2844 1202 2911 perisse

82 2926 126 2984 clu'
140 2947 179 2985 ex·
197 2944 231 2984 m·
293 2937 389 2995 video.
434 2935 478 2994 Tc
496 2955 558 3007 oro,
573 2943 618 3006 ut,
638 2936 746 3006 quibus
766 2939 798 2992 in
818 2935 908 2993 rebus
927 2939 973 2993 tui
992 2939 1054 2993 mei
1072 2935 1204 3008 indige-

82 3008 143 3068 I‘m·
161 3031 186 3068 a·
204 3010 267 3068 ⁶97
293 3035 381 3105 bunt,
402 3036 512 3090 nostris
532 3035 659 3089 miseriis
680 3051 719 3088 ne
740 3030 827 3089 desIs.
874 3030 940 3103 Ego
959 3039 1003 3102 te,
1022 3039 1058 3089 ut
1077 3032 1205 3103 scribis

294 3133 355 3187 cito
369 3129 487 3186 videbo.

377 3222 438 3283 256
