<?xml version="1.0" encoding="UTF-8"?>
<!DOCTYPE html PUBLIC "-//W3C//DTD XHTML 1.0 Transitional//EN"
    "http://www.w3.org/TR/xhtml1/DTD/xhtml1-transitional.dtd">
<html xmlns="http://www.w3.org/1999/xhtml" xml:lang="en" lang="en">
 <head>
  <title>
</title>
<meta http-equiv="Content-Type" content="text/html;charset=utf-8" />
  <meta name='ocr-system' content='tesseract 3.04.00' />
  <meta name='ocr-capabilities' content='ocr_page ocr_carea ocr_par ocr_line ocrx_word'/>
</head>
<body>
  <div class='ocr_page' id='page_1' title='image "./letterstoatticu00winsgoog_0107.png"; bbox 0 0 2484 3854; ppageno 0'>
   <div class='ocr_carea' id='block_1_1' title="bbox 462 308 1007 368">
    <p class='ocr_par' dir='ltr' id='par_1_1' title="bbox 462 308 1007 368">
     <span class='ocr_line' id='line_1_1' title="bbox 462 308 1007 368; baseline 0.002 -1"><span class='ocrx_word' id='word_1_1' title='bbox 462 309 631 368; x_wconf 84' lang='lat' dir='ltr'><strong>MARCUS</strong></span> <span class='ocrx_word' id='word_1_2' title='bbox 652 308 835 368; x_wconf 88' lang='lat' dir='ltr'><strong>TULLIUS</strong></span> <span class='ocrx_word' id='word_1_3' title='bbox 856 309 1007 368; x_wconf 89' lang='lat' dir='ltr'>CICERO</span> 
     </span>
    </p>
   </div>
   <div class='ocr_carea' id='block_1_2' title="bbox 285 430 1194 504">
    <p class='ocr_par' dir='ltr' id='par_1_2' title="bbox 285 430 1194 504">
     <span class='ocr_line' id='line_1_2' title="bbox 285 430 1194 504; baseline 0 -16"><span class='ocrx_word' id='word_1_4' title='bbox 285 431 457 489; x_wconf 88' lang='lat' dir='ltr'><strong>consultum</strong></span> <span class='ocrx_word' id='word_1_5' title='bbox 476 451 593 489; x_wconf 91' lang='lat' dir='ltr'><strong>summa</strong></span> <span class='ocrx_word' id='word_1_6' title='bbox 611 431 802 504; x_wconf 89' lang='lat' dir='ltr'><strong>pedariorum</strong></span> <span class='ocrx_word' id='word_1_7' title='bbox 821 430 978 489; x_wconf 89' lang='lat' dir='ltr'><strong>voluntate</strong></span> <span class='ocrx_word' id='word_1_8' title='bbox 998 431 1112 489; x_wconf 89' lang='lat' dir='ltr'><strong>nullius</strong></span> <span class='ocrx_word' id='word_1_9' title='bbox 1132 452 1194 488; x_wconf 91' lang='lat' dir='ltr'><strong>no-</strong></span> 
     </span>
    </p>
   </div>
   <div class='ocr_carea' id='block_1_3' title="bbox 283 533 1233 2040">
    <p class='ocr_par' dir='ltr' id='par_1_3' title="bbox 283 533 1233 1481">
     <span class='ocr_line' id='line_1_3' title="bbox 285 533 1194 617; baseline 0.002 -15"><span class='ocrx_word' id='word_1_10' title='bbox 285 552 381 602; x_wconf 90' lang='lat' dir='ltr'><strong>strum</strong></span> <span class='ocrx_word' id='word_1_11' title='bbox 400 533 581 603; x_wconf 82' lang='lat' dir='ltr'><strong>auctoritate</strong></span> <span class='ocrx_word' id='word_1_12' title='bbox 601 544 723 602; x_wconf 86' lang='lat' dir='ltr'><strong>factum.</strong></span> <span class='ocrx_word' id='word_1_13' title='bbox 769 545 858 616; x_wconf 90' lang='lat' dir='ltr'><strong>Nam,</strong></span> <span class='ocrx_word' id='word_1_14' title='bbox 878 545 960 617; x_wconf 90' lang='lat' dir='ltr'><strong>quod</strong></span> <span class='ocrx_word' id='word_1_15' title='bbox 980 565 1031 603; x_wconf 91' lang='lat' dir='ltr'><strong>me</strong></span> <span class='ocrx_word' id='word_1_16' title='bbox 1053 566 1122 604; x_wconf 91' lang='lat' dir='ltr'><strong>esse</strong></span> <span class='ocrx_word' id='word_1_17' title='bbox 1148 546 1194 604; x_wconf 92' lang='lat' dir='ltr'><strong>ad</strong></span> 
     </span>
     <span class='ocr_line' id='line_1_4' title="bbox 284 653 1193 725; baseline 0.003 -16"><span class='ocrx_word' id='word_1_18' title='bbox 284 653 478 710; x_wconf 87' lang='lat' dir='ltr'><strong>scribendum</strong></span> <span class='ocrx_word' id='word_1_19' title='bbox 488 653 582 724; x_wconf 78' lang='lat' dir='ltr'><strong>videS,</strong></span> <span class='ocrx_word' id='word_1_20' title='bbox 592 673 629 710; x_wconf 83' lang='lat' dir='ltr'><strong>ex</strong></span> <span class='ocrx_word' id='word_1_21' title='bbox 645 657 709 725; x_wconf 93' lang='lat' dir='ltr'><strong>ipso</strong></span> <span class='ocrx_word' id='word_1_22' title='bbox 720 661 842 711; x_wconf 91' lang='lat' dir='ltr'><strong>senatus</strong></span> <span class='ocrx_word' id='word_1_23' title='bbox 853 654 991 711; x_wconf 90' lang='lat' dir='ltr'><strong>consulto</strong></span> <span class='ocrx_word' id='word_1_24' title='bbox 999 654 1193 724; x_wconf 85' lang='lat' dir='ltr'><strong>intellegere</strong></span> 
     </span>
     <span class='ocr_line' id='line_1_5' title="bbox 284 760 1191 834; baseline 0.002 -16"><span class='ocrx_word' id='word_1_25' title='bbox 284 769 372 832; x_wconf 87' lang='lat' dir='ltr'><strong>potes</strong></span> <span class='ocrx_word' id='word_1_26' title='bbox 386 760 476 818; x_wconf 91' lang='lat' dir='ltr'><strong>aliam</strong></span> <span class='ocrx_word' id='word_1_27' title='bbox 495 781 560 818; x_wconf 90' lang='lat' dir='ltr'><strong>rem</strong></span> <span class='ocrx_word' id='word_1_28' title='bbox 579 769 646 819; x_wconf 89' lang='lat' dir='ltr'><strong>turn</strong></span> <span class='ocrx_word' id='word_1_29' title='bbox 666 760 802 832; x_wconf 84' lang='lat' dir='ltr'><strong>relatam,</strong></span> <span class='ocrx_word' id='word_1_30' title='bbox 817 761 875 818; x_wconf 91' lang='lat' dir='ltr'><strong>hoc</strong></span> <span class='ocrx_word' id='word_1_31' title='bbox 889 770 993 820; x_wconf 93' lang='lat' dir='ltr'><strong>autem</strong></span> <span class='ocrx_word' id='word_1_32' title='bbox 1007 762 1047 819; x_wconf 92' lang='lat' dir='ltr'><strong>de</strong></span> <span class='ocrx_word' id='word_1_33' title='bbox 1061 762 1191 834; x_wconf 90' lang='lat' dir='ltr'><strong>populis</strong></span> 
     </span>
     <span class='ocr_line' id='line_1_6' title="bbox 284 868 1233 928; baseline 0.004 -4"><span class='ocrx_word' id='word_1_34' title='bbox 284 868 386 926; x_wconf 90' lang='lat' dir='ltr'><strong>liberis</strong></span> <span class='ocrx_word' id='word_1_35' title='bbox 406 873 471 927; x_wconf 92' lang='lat' dir='ltr'><strong>sine</strong></span> <span class='ocrx_word' id='word_1_36' title='bbox 486 888 575 926; x_wconf 85' lang='lat' dir='ltr'><strong>causa</strong></span> <span class='ocrx_word' id='word_1_37' title='bbox 588 869 734 927; x_wconf 82' lang='lat' dir='ltr'><strong>additum.</strong></span> <span class='ocrx_word' id='word_1_38' title='bbox 780 869 821 927; x_wconf 92' lang='lat' dir='ltr'><strong>Et</strong></span> <span class='ocrx_word' id='word_1_39' title='bbox 840 875 884 928; x_wconf 90' lang='lat' dir='ltr'><strong>ita</strong></span> <span class='ocrx_word' id='word_1_40' title='bbox 903 870 1018 928; x_wconf 91' lang='lat' dir='ltr'><strong>factum</strong></span> <span class='ocrx_word' id='word_1_41' title='bbox 1038 878 1085 928; x_wconf 93' lang='lat' dir='ltr'><strong>est</strong></span> <span class='ocrx_word' id='word_1_42' title='bbox 1107 891 1127 927; x_wconf 90' lang='lat' dir='ltr'><strong>a</strong></span> <span class='ocrx_word' id='word_1_43' title='bbox 1152 870 1187 928; x_wconf 86' lang='lat' dir='ltr'><strong>P.</strong></span> <span class='ocrx_word' id='word_1_44' title='bbox 1232 908 1233 911; x_wconf 59' lang='lat'><em>=</em></span> 
     </span>
     <span class='ocr_line' id='line_1_7' title="bbox 284 977 1189 1050; baseline 0.001 -14"><span class='ocrx_word' id='word_1_45' title='bbox 284 977 411 1036; x_wconf 90' lang='lat' dir='ltr'><strong>Servilio</strong></span> <span class='ocrx_word' id='word_1_46' title='bbox 429 977 500 1048; x_wconf 88' lang='lat' dir='ltr'><strong>filio,</strong></span> <span class='ocrx_word' id='word_1_47' title='bbox 516 981 568 1049; x_wconf 93' lang='lat' dir='ltr'><strong>qui</strong></span> <span class='ocrx_word' id='word_1_48' title='bbox 586 982 619 1034; x_wconf 92' lang='lat' dir='ltr'><strong>in</strong></span> <span class='ocrx_word' id='word_1_49' title='bbox 638 982 797 1049; x_wconf 85' lang='lat' dir='ltr'><strong>postremis</strong></span> <span class='ocrx_word' id='word_1_50' title='bbox 817 983 1001 1037; x_wconf 83' lang='lat' dir='ltr'><strong>sententiam</strong></span> <span class='ocrx_word' id='word_1_51' title='bbox 1023 978 1111 1050; x_wconf 84' lang='lat' dir='ltr'><strong>dixit,</strong></span> <span class='ocrx_word' id='word_1_52' title='bbox 1128 979 1189 1037; x_wconf 91' lang='lat' dir='ltr'><strong>sed</strong></span> 
     </span>
     <span class='ocr_line' id='line_1_8' title="bbox 283 1085 1186 1158; baseline 0.002 -15"><span class='ocrx_word' id='word_1_53' title='bbox 283 1089 436 1144; x_wconf 90' lang='lat' dir='ltr'><strong>immutari</strong></span> <span class='ocrx_word' id='word_1_54' title='bbox 450 1085 508 1142; x_wconf 95' lang='lat' dir='ltr'><strong>hoc</strong></span> <span class='ocrx_word' id='word_1_55' title='bbox 522 1093 661 1157; x_wconf 88' lang='lat' dir='ltr'><strong>tempore</strong></span> <span class='ocrx_word' id='word_1_56' title='bbox 671 1105 733 1142; x_wconf 92' lang='lat' dir='ltr'><strong>non</strong></span> <span class='ocrx_word' id='word_1_57' title='bbox 748 1093 857 1157; x_wconf 92' lang='lat' dir='ltr'><strong>potest.</strong></span> <span class='ocrx_word' id='word_1_58' title='bbox 883 1086 991 1158; x_wconf 88' lang='lat' dir='ltr'><strong>Itaque</strong></span> <span class='ocrx_word' id='word_1_59' title='bbox 1003 1094 1186 1158; x_wconf 80' lang='lat' dir='ltr'><strong>conventuS,</strong></span> 
     </span>
     <span class='ocr_line' id='line_1_9' title="bbox 283 1193 1185 1266; baseline 0.002 -15"><span class='ocrx_word' id='word_1_60' title='bbox 283 1198 335 1266; x_wconf 92' lang='lat' dir='ltr'><strong>qui</strong></span> <span class='ocrx_word' id='word_1_61' title='bbox 349 1198 437 1252; x_wconf 91' lang='lat' dir='ltr'><strong>initio</strong></span> <span class='ocrx_word' id='word_1_62' title='bbox 448 1194 689 1264; x_wconf 82' lang='lat' dir='ltr'><strong>celebrabantur,</strong></span> <span class='ocrx_word' id='word_1_63' title='bbox 699 1198 759 1251; x_wconf 92' lang='lat' dir='ltr'><strong>iam</strong></span> <span class='ocrx_word' id='word_1_64' title='bbox 770 1193 822 1252; x_wconf 92' lang='lat' dir='ltr'><strong>diu</strong></span> <span class='ocrx_word' id='word_1_65' title='bbox 832 1194 896 1252; x_wconf 89' lang='lat' dir='ltr'><strong>fieri</strong></span> <span class='ocrx_word' id='word_1_66' title='bbox 907 1195 1071 1253; x_wconf 88' lang='lat' dir='ltr'><strong>desierunt.</strong></span> <span class='ocrx_word' id='word_1_67' title='bbox 1096 1195 1146 1252; x_wconf 91' lang='lat' dir='ltr'><strong>Tu</strong></span> <span class='ocrx_word' id='word_1_68' title='bbox 1158 1200 1185 1253; x_wconf 90' lang='lat' dir='ltr'><strong>si</strong></span> 
     </span>
     <span class='ocr_line' id='line_1_10' title="bbox 284 1301 1185 1374; baseline 0.001 -14"><span class='ocrx_word' id='word_1_69' title='bbox 284 1306 345 1360; x_wconf 92' lang='lat' dir='ltr'><strong>tuis</strong></span> <span class='ocrx_word' id='word_1_70' title='bbox 359 1301 514 1359; x_wconf 87' lang='lat' dir='ltr'><strong>blanditiis</strong></span> <span class='ocrx_word' id='word_1_71' title='bbox 525 1309 630 1359; x_wconf 89' lang='lat' dir='ltr'><strong>tamen</strong></span> <span class='ocrx_word' id='word_1_72' title='bbox 640 1322 659 1358; x_wconf 86' lang='lat' dir='ltr'><strong>a</strong></span> <span class='ocrx_word' id='word_1_73' title='bbox 673 1302 820 1374; x_wconf 89' lang='lat' dir='ltr'><strong>Sicyoniis</strong></span> <span class='ocrx_word' id='word_1_74' title='bbox 831 1303 1055 1361; x_wconf 88' lang='lat' dir='ltr'><strong>nummulorum</strong></span> <span class='ocrx_word' id='word_1_75' title='bbox 1065 1303 1185 1374; x_wconf 88' lang='lat' dir='ltr'><strong>aliquid</strong></span> 
     </span>
     <span class='ocr_line' id='line_1_11' title="bbox 285 1409 934 1481; baseline 0.002 -14"><span class='ocrx_word' id='word_1_76' title='bbox 285 1414 476 1481; x_wconf 64' lang='lat' dir='ltr'><strong>expresseris</strong></span> <span class='ocrx_word' id='word_1_77' title='bbox 491 1409 582 1467; x_wconf 92' lang='lat' dir='ltr'><strong>velim</strong></span> <span class='ocrx_word' id='word_1_78' title='bbox 595 1429 646 1466; x_wconf 91' lang='lat' dir='ltr'><strong>me</strong></span> <span class='ocrx_word' id='word_1_79' title='bbox 660 1409 751 1467; x_wconf 78' lang='lat' dir='ltr'><strong>facias</strong></span> <span class='ocrx_word' id='word_1_80' title='bbox 766 1415 934 1469; x_wconf 87' lang='lat' dir='ltr'><strong>certiorem.</strong></span> 
     </span>
    </p>

    <p class='ocr_par' dir='ltr' id='par_1_4' title="bbox 285 1523 1233 2040">
     <span class='ocr_line' id='line_1_12' title="bbox 290 1523 1183 1598; baseline 0.006 -19"><span class='ocrx_word' id='word_1_81' title='bbox 290 1552 313 1573; x_wconf 49' lang='grc' dir='ltr'><em>ω</em></span> <span class='ocrx_word' id='word_1_82' title='bbox 328 1523 584 1580; x_wconf 89' lang='lat' dir='ltr'><strong>Commentarium</strong></span> <span class='ocrx_word' id='word_1_83' title='bbox 597 1523 769 1581; x_wconf 89' lang='lat' dir='ltr'><strong>consulatus</strong></span> <span class='ocrx_word' id='word_1_84' title='bbox 779 1529 841 1582; x_wconf 88' lang='lat' dir='ltr'><strong>mei</strong></span> <span class='ocrx_word' id='word_1_85' title='bbox 853 1525 969 1583; x_wconf 85' lang='lat' dir='ltr'><strong>Graece</strong></span> <span class='ocrx_word' id='word_1_86' title='bbox 980 1530 1183 1598; x_wconf 91' lang='lat' dir='ltr'><strong>compositum</strong></span> 
     </span>
     <span class='ocr_line' id='line_1_13' title="bbox 286 1612 1233 1711; baseline 0.004 -24"><span class='ocrx_word' id='word_1_87' title='bbox 286 1634 354 1687; x_wconf 91' lang='lat' dir='ltr'><strong>misi</strong></span> <span class='ocrx_word' id='word_1_88' title='bbox 368 1630 407 1687; x_wconf 90' lang='lat' dir='ltr'><strong>ad</strong></span> <span class='ocrx_word' id='word_1_89' title='bbox 421 1638 462 1688; x_wconf 90' lang='lat' dir='ltr'><strong>tc.</strong></span> <span class='ocrx_word' id='word_1_90' title='bbox 508 1630 545 1687; x_wconf 91' lang='lat' dir='ltr'><strong>In</strong></span> <span class='ocrx_word' id='word_1_91' title='bbox 560 1650 619 1701; x_wconf 91' lang='lat' dir='ltr'><strong>quo</strong></span> <span class='ocrx_word' id='word_1_92' title='bbox 634 1635 659 1687; x_wconf 92' lang='lat' dir='ltr'><strong>si</strong></span> <span class='ocrx_word' id='word_1_93' title='bbox 673 1631 747 1702; x_wconf 93' lang='lat' dir='ltr'><strong>quid</strong></span> <span class='ocrx_word' id='word_1_94' title='bbox 761 1636 829 1702; x_wconf 90' lang='lat' dir='ltr'><strong>erit,</strong></span> <span class='ocrx_word' id='word_1_95' title='bbox 844 1632 926 1703; x_wconf 92' lang='lat' dir='ltr'><strong>quod</strong></span> <span class='ocrx_word' id='word_1_96' title='bbox 944 1633 1061 1690; x_wconf 92' lang='lat' dir='ltr'><strong>homini</strong></span> <span class='ocrx_word' id='word_1_97' title='bbox 1076 1634 1185 1711; x_wconf 84' lang='lat' dir='ltr'><strong>Attico</strong></span> <span class='ocrx_word' id='word_1_98' title='bbox 1232 1612 1233 1629; x_wconf 13' lang='grc' dir='ltr'><strong>Χ</strong></span> 
     </span>
     <span class='ocr_line' id='line_1_14' title="bbox 286 1738 1182 1813; baseline 0.004 -17"><span class='ocrx_word' id='word_1_99' title='bbox 286 1743 385 1796; x_wconf 89' lang='lat' dir='ltr'><strong>minus</strong></span> <span class='ocrx_word' id='word_1_100' title='bbox 409 1739 560 1796; x_wconf 88' lang='lat' dir='ltr'><strong>Graecum</strong></span> <span class='ocrx_word' id='word_1_101' title='bbox 583 1738 797 1810; x_wconf 83' lang='lat' dir='ltr'><strong>eruditumque</strong></span> <span class='ocrx_word' id='word_1_102' title='bbox 818 1740 966 1812; x_wconf 89' lang='lat' dir='ltr'><strong>videatur,</strong></span> <span class='ocrx_word' id='word_1_103' title='bbox 988 1761 1050 1799; x_wconf 91' lang='lat' dir='ltr'><strong>non</strong></span> <span class='ocrx_word' id='word_1_104' title='bbox 1072 1741 1182 1813; x_wconf 88' lang='lat' dir='ltr'><strong>dicam,</strong></span> 
     </span>
     <span class='ocr_line' id='line_1_15' title="bbox 286 1846 1181 1918; baseline 0.004 -14"><span class='ocrx_word' id='word_1_105' title='bbox 286 1846 368 1918; x_wconf 91' lang='lat' dir='ltr'><strong>quod</strong></span> <span class='ocrx_word' id='word_1_106' title='bbox 387 1848 454 1916; x_wconf 88' lang='lat' dir='ltr'><strong>tibi,</strong></span> <span class='ocrx_word' id='word_1_107' title='bbox 468 1854 504 1903; x_wconf 92' lang='lat' dir='ltr'><strong>ut</strong></span> <span class='ocrx_word' id='word_1_108' title='bbox 519 1850 634 1918; x_wconf 85' lang='lat' dir='ltr'><strong>opinor,</strong></span> <span class='ocrx_word' id='word_1_109' title='bbox 651 1846 812 1904; x_wconf 88' lang='lat' dir='ltr'><strong>Panhormi</strong></span> <span class='ocrx_word' id='word_1_110' title='bbox 833 1848 976 1906; x_wconf 91' lang='lat' dir='ltr'><strong>Lucullus</strong></span> <span class='ocrx_word' id='word_1_111' title='bbox 996 1849 1035 1907; x_wconf 91' lang='lat' dir='ltr'><strong>de</strong></span> <span class='ocrx_word' id='word_1_112' title='bbox 1055 1855 1115 1908; x_wconf 91' lang='lat' dir='ltr'><strong>suis</strong></span> <span class='ocrx_word' id='word_1_113' title='bbox 1134 1850 1181 1907; x_wconf 89' lang='lat' dir='ltr'><strong>hi-</strong></span> 
     </span>
     <span class='ocr_line' id='line_1_16' title="bbox 285 1954 1230 2040; baseline 0.005 -28"><span class='ocrx_word' id='word_1_114' title='bbox 285 1958 384 2012; x_wconf 91' lang='lat' dir='ltr'><strong>storiis</strong></span> <span class='ocrx_word' id='word_1_115' title='bbox 402 1954 531 2025; x_wconf 84' lang='lat' dir='ltr'><strong>dixerat,</strong></span> <span class='ocrx_word' id='word_1_116' title='bbox 547 1974 589 2025; x_wconf 88' lang='lat' dir='ltr'><strong>se,</strong></span> <span class='ocrx_word' id='word_1_117' title='bbox 607 1975 667 2040; x_wconf 86' lang='lat' dir='ltr'><strong>quo</strong></span> <span class='ocrx_word' id='word_1_118' title='bbox 686 1955 802 2013; x_wconf 91' lang='lat' dir='ltr'><strong>facilius</strong></span> <span class='ocrx_word' id='word_1_119' title='bbox 816 1955 882 2014; x_wconf 90' lang='lat' dir='ltr'><strong>illas</strong></span> <span class='ocrx_word' id='word_1_120' title='bbox 896 1958 1039 2029; x_wconf 87' lang='lat' dir='ltr'><strong>probaret</strong></span> <span class='ocrx_word' id='word_1_121' title='bbox 1054 1959 1181 2017; x_wconf 87' lang='lat' dir='ltr'><strong>Romani</strong></span> <span class='ocrx_word' id='word_1_122' title='bbox 1228 1955 1230 1958; x_wconf 55' lang='grc'>’</span> 
     </span>
    </p>
   </div>
   <div class='ocr_carea' id='block_1_4' title="bbox 284 2067 1179 2140">
    <p class='ocr_par' dir='ltr' id='par_1_5' title="bbox 284 2067 1179 2140">
     <span class='ocr_line' id='line_1_17' title="bbox 284 2067 1179 2140; baseline 0.007 -17"><span class='ocrx_word' id='word_1_123' title='bbox 284 2067 415 2124; x_wconf 89' lang='lat' dir='ltr'><strong>hominis</strong></span> <span class='ocrx_word' id='word_1_124' title='bbox 430 2086 507 2138; x_wconf 87' lang='lat' dir='ltr'><strong>esse,</strong></span> <span class='ocrx_word' id='word_1_125' title='bbox 521 2067 633 2124; x_wconf 92' lang='lat' dir='ltr'><strong>idcirco</strong></span> <span class='ocrx_word' id='word_1_126' title='bbox 647 2068 772 2125; x_wconf 89' lang='lat' dir='ltr'><strong>barbara</strong></span> <span class='ocrx_word' id='word_1_127' title='bbox 786 2069 934 2140; x_wconf 88' lang='lat' dir='ltr'><strong>quaedam</strong></span> <span class='ocrx_word' id='word_1_128' title='bbox 949 2079 982 2128; x_wconf 93' lang='lat' dir='ltr'><strong>et</strong></span> <span class='ocrx_word' id='word_1_129' title='bbox 995 2070 1121 2129; x_wconf 84' lang='grc' dir='ltr'>σόλοικα</span> <span class='ocrx_word' id='word_1_130' title='bbox 1134 2072 1179 2129; x_wconf 91' lang='lat' dir='ltr'><strong>di-</strong></span> 
     </span>
    </p>
   </div>
   <div class='ocr_carea' id='block_1_5' title="bbox 286 2164 1233 2261">
    <p class='ocr_par' dir='ltr' id='par_1_6' title="bbox 286 2164 1233 2261">
     <span class='ocr_line' id='line_1_18' title="bbox 286 2164 1233 2261; baseline 0.006 -28"><span class='ocrx_word' id='word_1_131' title='bbox 286 2164 444 2247; x_wconf 82' lang='lat' dir='ltr'><strong>spersisse3</strong></span> <span class='ocrx_word' id='word_1_132' title='bbox 461 2175 542 2247; x_wconf 90' lang='lat' dir='ltr'><strong>apud</strong></span> <span class='ocrx_word' id='word_1_133' title='bbox 556 2195 606 2232; x_wconf 89' lang='lat' dir='ltr'><strong>me</strong></span> <span class='ocrx_word' id='word_1_134' title='bbox 621 2179 646 2233; x_wconf 93' lang='lat' dir='ltr'><strong>si</strong></span> <span class='ocrx_word' id='word_1_135' title='bbox 661 2176 734 2246; x_wconf 94' lang='lat' dir='ltr'><strong>quid</strong></span> <span class='ocrx_word' id='word_1_136' title='bbox 749 2181 807 2233; x_wconf 86' lang='lat' dir='ltr'><strong>erit</strong></span> <span class='ocrx_word' id='word_1_137' title='bbox 821 2181 886 2235; x_wconf 90' lang='lat' dir='ltr'><strong>eius</strong></span> <span class='ocrx_word' id='word_1_138' title='bbox 899 2179 992 2250; x_wconf 90' lang='lat' dir='ltr'><strong>modi,</strong></span> <span class='ocrx_word' id='word_1_139' title='bbox 1002 2200 1053 2237; x_wconf 92' lang='lat' dir='ltr'><strong>me</strong></span> <span class='ocrx_word' id='word_1_140' title='bbox 1067 2184 1178 2253; x_wconf 90' lang='lat' dir='ltr'><strong>impru-</strong></span> <span class='ocrx_word' id='word_1_141' title='bbox 1232 2248 1233 2261; x_wconf 12' lang='grc' dir='ltr'>χ</span> 
     </span>
    </p>
   </div>
   <div class='ocr_carea' id='block_1_6' title="bbox 277 2274 1233 3228">
    <p class='ocr_par' dir='ltr' id='par_1_7' title="bbox 277 2274 1233 3228">
     <span class='ocr_line' id='line_1_19' title="bbox 284 2274 1233 2358; baseline 0.006 -18"><span class='ocrx_word' id='word_1_142' title='bbox 284 2283 379 2341; x_wconf 87' lang='lat' dir='ltr'><strong>dente</strong></span> <span class='ocrx_word' id='word_1_143' title='bbox 403 2287 462 2340; x_wconf 90' lang='lat' dir='ltr'><strong>erit</strong></span> <span class='ocrx_word' id='word_1_144' title='bbox 486 2291 518 2340; x_wconf 92' lang='lat' dir='ltr'><strong>et</strong></span> <span class='ocrx_word' id='word_1_145' title='bbox 540 2287 644 2340; x_wconf 88' lang='lat' dir='ltr'><strong>invito.</strong></span> <span class='ocrx_word' id='word_1_146' title='bbox 690 2274 833 2341; x_wconf 81' lang='lat' dir='ltr'><strong>Latinum</strong></span> <span class='ocrx_word' id='word_1_147' title='bbox 856 2289 881 2342; x_wconf 95' lang='lat' dir='ltr'><strong>si</strong></span> <span class='ocrx_word' id='word_1_148' title='bbox 904 2286 1070 2358; x_wconf 85' lang='lat' dir='ltr'><strong>perfecero,</strong></span> <span class='ocrx_word' id='word_1_149' title='bbox 1085 2289 1123 2345; x_wconf 90' lang='lat' dir='ltr'><strong>ad</strong></span> <span class='ocrx_word' id='word_1_150' title='bbox 1144 2296 1177 2346; x_wconf 88' lang='lat' dir='ltr'><strong>te</strong></span> <span class='ocrx_word' id='word_1_151' title='bbox 1232 2276 1233 2283; x_wconf 8' lang='grc' dir='ltr'>ἵ</span> 
     </span>
     <span class='ocr_line' id='line_1_20' title="bbox 284 2390 1233 2467; baseline 0.008 -20"><span class='ocrx_word' id='word_1_152' title='bbox 284 2395 412 2447; x_wconf 87' lang='lat' dir='ltr'><strong>mittam.</strong></span> <span class='ocrx_word' id='word_1_153' title='bbox 457 2390 595 2448; x_wconf 89' lang='lat' dir='ltr'><strong>Tertium</strong></span> <span class='ocrx_word' id='word_1_154' title='bbox 609 2411 718 2463; x_wconf 88' lang='lat' dir='ltr'><strong>poema</strong></span> <span class='ocrx_word' id='word_1_155' title='bbox 732 2401 918 2465; x_wconf 85' lang='lat' dir='ltr'><strong>exspectato,</strong></span> <span class='ocrx_word' id='word_1_156' title='bbox 933 2415 973 2452; x_wconf 90' lang='lat' dir='ltr'><strong>ne</strong></span> <span class='ocrx_word' id='word_1_157' title='bbox 987 2395 1069 2466; x_wconf 90' lang='lat' dir='ltr'><strong>quod</strong></span> <span class='ocrx_word' id='word_1_158' title='bbox 1082 2415 1177 2466; x_wconf 83' lang='lat' dir='ltr'><strong>genus</strong></span> <span class='ocrx_word' id='word_1_159' title='bbox 1232 2430 1233 2467; x_wconf 38' lang='grc' dir='ltr'><strong><em>ῃ</em></strong></span> 
     </span>
     <span class='ocr_line' id='line_1_21' title="bbox 283 2474 1233 2572; baseline 0.005 -15"><span class='ocrx_word' id='word_1_160' title='bbox 283 2519 301 2557; x_wconf 91' lang='lat' dir='ltr'><strong>a</strong></span> <span class='ocrx_word' id='word_1_161' title='bbox 315 2518 365 2556; x_wconf 93' lang='lat' dir='ltr'><strong>me</strong></span> <span class='ocrx_word' id='word_1_162' title='bbox 380 2502 445 2570; x_wconf 89' lang='lat' dir='ltr'><strong>ipso</strong></span> <span class='ocrx_word' id='word_1_163' title='bbox 458 2499 555 2556; x_wconf 92' lang='lat' dir='ltr'><strong>laudis</strong></span> <span class='ocrx_word' id='word_1_164' title='bbox 566 2520 652 2557; x_wconf 90' lang='lat' dir='ltr'><strong>meae</strong></span> <span class='ocrx_word' id='word_1_165' title='bbox 667 2505 936 2572; x_wconf 85' lang='lat' dir='ltr'><strong>praetermittatur.</strong></span> <span class='ocrx_word' id='word_1_166' title='bbox 981 2504 1043 2560; x_wconf 91' lang='lat' dir='ltr'><strong>Hic</strong></span> <span class='ocrx_word' id='word_1_167' title='bbox 1057 2511 1092 2561; x_wconf 99' lang='lat' dir='ltr'><strong>tu</strong></span> <span class='ocrx_word' id='word_1_168' title='bbox 1106 2524 1176 2563; x_wconf 87' lang='lat' dir='ltr'><strong>cave</strong></span> <span class='ocrx_word' id='word_1_169' title='bbox 1232 2474 1233 2553; x_wconf 77' lang='lat' dir='ltr'><strong>l</strong></span> 
     </span>
     <span class='ocr_line' id='line_1_22' title="bbox 284 2605 1175 2683; baseline 0.007 -19"><span class='ocrx_word' id='word_1_170' title='bbox 284 2607 382 2665; x_wconf 89' lang='lat' dir='ltr'><strong>dicas:</strong></span> <span class='ocrx_word' id='word_1_171' title='bbox 406 2605 456 2669; x_wconf 85' lang='grc' dir='ltr'><strong>Τίς</strong></span> <span class='ocrx_word' id='word_1_172' title='bbox 470 2605 566 2678; x_wconf 78' lang='grc' dir='ltr'>πατέρ’</span> <span class='ocrx_word' id='word_1_173' title='bbox 583 2606 709 2679; x_wconf 84' lang='grc' dir='ltr'><em>αἰνήσει;</em></span> <span class='ocrx_word' id='word_1_174' title='bbox 732 2608 764 2667; x_wconf 91' lang='lat' dir='ltr'><strong>Si</strong></span> <span class='ocrx_word' id='word_1_175' title='bbox 781 2617 829 2666; x_wconf 89' lang='lat' dir='ltr'><strong>est</strong></span> <span class='ocrx_word' id='word_1_176' title='bbox 846 2613 928 2668; x_wconf 89' lang='lat' dir='ltr'><strong>enim</strong></span> <span class='ocrx_word' id='word_1_177' title='bbox 944 2611 1025 2683; x_wconf 88' lang='lat' dir='ltr'><strong>apud</strong></span> <span class='ocrx_word' id='word_1_178' title='bbox 1039 2611 1175 2671; x_wconf 87' lang='lat' dir='ltr'><strong>homines</strong></span> 
     </span>
     <span class='ocr_line' id='line_1_23' title="bbox 282 2715 1175 2793; baseline 0.007 -21"><span class='ocrx_word' id='word_1_179' title='bbox 282 2720 443 2787; x_wconf 91' lang='lat' dir='ltr'><strong>quicquam</strong></span> <span class='ocrx_word' id='word_1_180' title='bbox 458 2715 540 2787; x_wconf 92' lang='lat' dir='ltr'><strong>quod</strong></span> <span class='ocrx_word' id='word_1_181' title='bbox 553 2720 654 2787; x_wconf 91' lang='lat' dir='ltr'><strong>potius</strong></span> <span class='ocrx_word' id='word_1_182' title='bbox 668 2720 717 2787; x_wconf 90' lang='lat' dir='ltr'><strong>sit,</strong></span> <span class='ocrx_word' id='word_1_183' title='bbox 731 2716 882 2788; x_wconf 92' lang='lat' dir='ltr'><strong>laudetur,</strong></span> <span class='ocrx_word' id='word_1_184' title='bbox 894 2738 949 2776; x_wconf 90' lang='lat' dir='ltr'><strong>nos</strong></span> <span class='ocrx_word' id='word_1_185' title='bbox 963 2724 1175 2793; x_wconf 82' lang='lat' dir='ltr'><strong>vituperemur,</strong></span> 
     </span>
     <span class='ocr_line' id='line_1_24' title="bbox 282 2823 1175 2899; baseline 0.009 -19"><span class='ocrx_word' id='word_1_186' title='bbox 282 2828 334 2896; x_wconf 93' lang='lat' dir='ltr'><strong>qui</strong></span> <span class='ocrx_word' id='word_1_187' title='bbox 370 2844 432 2882; x_wconf 91' lang='lat' dir='ltr'><strong>non</strong></span> <span class='ocrx_word' id='word_1_188' title='bbox 467 2829 568 2897; x_wconf 90' lang='lat' dir='ltr'><strong>potius</strong></span> <span class='ocrx_word' id='word_1_189' title='bbox 602 2824 661 2881; x_wconf 89' lang='lat' dir='ltr'><strong>alia</strong></span> <span class='ocrx_word' id='word_1_190' title='bbox 677 2823 865 2894; x_wconf 78' lang='lat' dir='ltr'><strong>&#39;laudemus3</strong></span> <span class='ocrx_word' id='word_1_191' title='bbox 900 2847 1082 2899; x_wconf 87' lang='lat' dir='ltr'><strong>quamquam</strong></span> <span class='ocrx_word' id='word_1_192' title='bbox 1115 2849 1175 2888; x_wconf 91' lang='lat' dir='ltr'><strong>non</strong></span> 
     </span>
     <span class='ocr_line' id='line_1_25' title="bbox 283 2936 1172 3011; baseline 0.006 -16"><span class='ocrx_word' id='word_1_193' title='bbox 283 2936 498 3008; x_wconf 82' lang='grc' dir='ltr'>ἔγκωμιαστικὰ</span> <span class='ocrx_word' id='word_1_194' title='bbox 511 2946 583 2995; x_wconf 91' lang='lat' dir='ltr'><strong>sunt</strong></span> <span class='ocrx_word' id='word_1_195' title='bbox 596 2937 682 3008; x_wconf 90' lang='lat' dir='ltr'><strong>haec,</strong></span> <span class='ocrx_word' id='word_1_196' title='bbox 698 2937 752 2994; x_wconf 92' lang='lat' dir='ltr'><strong>sed</strong></span> <span class='ocrx_word' id='word_1_197' title='bbox 767 2936 909 3010; x_wconf 79' lang='grc' dir='ltr'>ἱστορικά,</span> <span class='ocrx_word' id='word_1_198' title='bbox 921 2960 998 3011; x_wconf 89' lang='lat' dir='ltr'><strong>quae</strong></span> <span class='ocrx_word' id='word_1_199' title='bbox 1013 2942 1172 3001; x_wconf 87' lang='lat' dir='ltr'><strong>scribimus.</strong></span> 
     </span>
     <span class='ocr_line' id='line_1_26' title="bbox 277 3040 1233 3118; baseline 0.006 -16"><span class='ocrx_word' id='word_1_200' title='bbox 277 3047 285 3085; x_wconf 71' lang='lat' dir='ltr'><em>s</em></span> <span class='ocrx_word' id='word_1_201' title='bbox 292 3040 301 3087; x_wconf 76' lang='lat' dir='ltr'><em>s</em></span> <span class='ocrx_word' id='word_1_202' title='bbox 325 3045 458 3118; x_wconf 88' lang='lat' dir='ltr'><strong>Quintus</strong></span> <span class='ocrx_word' id='word_1_203' title='bbox 473 3045 567 3102; x_wconf 87' lang='lat' dir='ltr'><strong>frater</strong></span> <span class='ocrx_word' id='word_1_204' title='bbox 582 3053 693 3117; x_wconf 83' lang='lat' dir='ltr'><strong>purgat</strong></span> <span class='ocrx_word' id='word_1_205' title='bbox 708 3065 739 3102; x_wconf 92' lang='lat' dir='ltr'><strong>se</strong></span> <span class='ocrx_word' id='word_1_206' title='bbox 755 3044 829 3102; x_wconf 90' lang='lat' dir='ltr'><strong>mihi</strong></span> <span class='ocrx_word' id='word_1_207' title='bbox 844 3066 899 3118; x_wconf 90' lang='lat' dir='ltr'><strong>per</strong></span> <span class='ocrx_word' id='word_1_208' title='bbox 912 3048 1029 3105; x_wconf 86' lang='lat' dir='ltr'><strong>litteras</strong></span> <span class='ocrx_word' id='word_1_209' title='bbox 1045 3056 1077 3106; x_wconf 89' lang='lat' dir='ltr'><strong>et</strong></span> <span class='ocrx_word' id='word_1_210' title='bbox 1091 3048 1173 3108; x_wconf 85' lang='lat' dir='ltr'><strong>adfir·</strong></span> <span class='ocrx_word' id='word_1_211' title='bbox 1232 3040 1233 3043; x_wconf 22' lang='lat'>¹</span> 
     </span>
     <span class='ocr_line' id='line_1_27' title="bbox 282 3155 1172 3228; baseline 0.004 -13"><span class='ocrx_word' id='word_1_212' title='bbox 282 3165 346 3215; x_wconf 87' lang='lat' dir='ltr'><strong>mat</strong></span> <span class='ocrx_word' id='word_1_213' title='bbox 369 3155 444 3214; x_wconf 90' lang='lat' dir='ltr'><strong>nihil</strong></span> <span class='ocrx_word' id='word_1_214' title='bbox 467 3178 485 3213; x_wconf 89' lang='lat' dir='ltr'><strong>a</strong></span> <span class='ocrx_word' id='word_1_215' title='bbox 510 3176 542 3214; x_wconf 90' lang='lat' dir='ltr'><strong>se</strong></span> <span class='ocrx_word' id='word_1_216' title='bbox 568 3161 707 3228; x_wconf 88' lang='lat' dir='ltr'><strong>cuiquam</strong></span> <span class='ocrx_word' id='word_1_217' title='bbox 732 3155 772 3214; x_wconf 90' lang='lat' dir='ltr'><strong>de</strong></span> <span class='ocrx_word' id='word_1_218' title='bbox 796 3164 829 3215; x_wconf 92' lang='lat' dir='ltr'><strong>te</strong></span> <span class='ocrx_word' id='word_1_219' title='bbox 855 3175 940 3215; x_wconf 88' lang='lat' dir='ltr'><strong>secus</strong></span> <span class='ocrx_word' id='word_1_220' title='bbox 962 3175 1027 3214; x_wconf 86' lang='lat' dir='ltr'><strong>esse</strong></span> <span class='ocrx_word' id='word_1_221' title='bbox 1053 3155 1172 3218; x_wconf 88' lang='lat' dir='ltr'><strong>dictum.</strong></span> 
     </span>
    </p>
   </div>
   <div class='ocr_carea' id='block_1_7' title="bbox 365 3258 405 3318">
    <p class='ocr_par' dir='ltr' id='par_1_8' title="bbox 365 3258 405 3318">
     <span class='ocr_line' id='line_1_28' title="bbox 365 3258 405 3318; baseline 0 -8"><span class='ocrx_word' id='word_1_222' title='bbox 365 3258 405 3318; x_wconf 90' lang='lat'><strong>90</strong></span> 
     </span>
    </p>
   </div>
   <div class='ocr_carea' id='block_1_8' title="bbox 913 3358 918 3395">
    <p class='ocr_par' dir='ltr' id='par_1_9' title="bbox 913 3358 918 3395">
     <span class='ocr_line' id='line_1_29' title="bbox 913 3358 918 3395; baseline 0 0"><span class='ocrx_word' id='word_1_223' title='bbox 913 3358 918 3395; x_wconf 83' lang='lat' dir='ltr'><strong>l</strong></span> 
     </span>
    </p>
   </div>
   <div class='ocr_carea' id='block_1_9' title="bbox 0 0 1246 3854">
    <p class='ocr_par' dir='ltr' id='par_1_10' title="bbox 0 0 1246 3854">
     <span class='ocr_line' id='line_1_30' title="bbox 0 0 1246 3854; baseline 0 1"><span class='ocrx_word' id='word_1_224' title='bbox 0 0 1246 3854; x_wconf 95' lang='lat' dir='ltr'><strong> </strong></span> 
     </span>
    </p>
   </div>
  </div>
 </body>
</html>
