2526 3850
446 270 617 331 MARCUS
638 270 821 332 TULLIUS
843 271 993 332 CICERO

271 393 396 465 quidem
410 392 476 452 fere
490 397 725 464 committamus,
734 392 872 465 lepidum
886 393 961 465 quid
974 383 1026 451 ne¹
1041 413 1103 466 quc
1117 413 1170 452 ex·
1248 466 1249 469 Ἴ

272 501 362 560 cidat.

314 608 459 667 Consules
475 608 605 679 flagrant
621 607 754 680 infamia,
769 609 852 680 quod
872 610 903 667 C.
921 610 1084 668 Memmius
1099 631 1170 673 can·

272 717 396 779 didatus
408 721 582 789 pactionem
599 721 632 774 in
649 725 757 775 senatu
777 723 926 789 recitavit,
944 739 1035 791 quam
1053 724 1120 791 ipse
1138 703 1170 778 et

272 845 343 884 suus
358 829 540 897 competitor
551 824 704 884 Domitius
716 846 785 884 cum
796 827 969 885 consulibus
979 827 1113 898 fecisset,
1124 831 1170 885 uti

272 936 361 992 ambo
383 933 439 992 Hs
464 932 659 1004 quadragena
683 934 855 992 consulibus
880 934 999 1005 darent,
1021 940 1046 993 si
1067 943 1171 994 essent

272 1047 330 1114 ipsi
344 1042 482 1100 consules
497 1041 580 1113 facti,
595 1046 654 1099 nisi
668 1049 730 1099 tres
744 1062 874 1114 augures
888 1041 1056 1114 dedissent,
1071 1046 1124 1115 qui
1138 1063 1171 1102 ac

272 1150 405 1209 adfuisse
419 1150 569 1221 dicerent,
584 1171 654 1208 cum
667 1149 718 1208 lex
733 1154 848 1208 curiata
861 1150 1002 1222 ferretur,
1017 1171 1095 1222 quae
1109 1152 1172 1209 lata
1248 1142 1249 1147 ἵ

272 1278 335 1317 non
350 1267 441 1329 esset,
461 1266 494 1316 et
514 1258 575 1316 duo
594 1258 776 1328 consulares,
791 1263 844 1328 qui
862 1278 895 1316 se
914 1257 1054 1317 dicerent
1072 1263 1105 1317 in
1123 1279 1172 1317 or·
1248 1246 1249 1257 ³

273 1359 381 1426 nandis
392 1371 553 1439 provinciis
563 1366 768 1425 consularibus
780 1367 940 1425 scribendo
949 1367 1092 1439 adfuisse,
1102 1389 1173 1427 cum

273 1479 397 1533 omnino
411 1495 451 1533 ne
466 1481 590 1533 senatus
604 1474 729 1546 quidem
743 1475 858 1533 fuisset.
899 1476 988 1534 Haec
997 1481 1099 1548 pactio
1109 1497 1173 1535 non

274 1584 383 1653 verbis,
402 1581 457 1640 sed
477 1583 649 1639 nominibus
669 1589 702 1640 et
719 1584 988 1654 perscriptionibus
1006 1584 1174 1642 multorum

273 1690 385 1751 tabulis
400 1711 468 1748 cum
487 1710 553 1748 esse
573 1688 654 1747 facta
673 1688 837 1761 diceretur,
852 1689 969 1762 prolata
987 1711 1006 1748 a
1026 1693 1174 1750 Memmio

274 1806 322 1859 cst
332 1800 504 1857 nominibus
514 1797 647 1856 inductis
658 1805 781 1856 auctore
794 1798 945 1870 Pompeio.
983 1800 1046 1857 Hic
1055 1800 1174 1875 Appius

274 1913 341 1965 erat
354 1905 445 1964 idem.
483 1905 569 1963 Nihil
587 1926 660 1964 sane
678 1910 819 1964 iacturae.
858 1906 1020 1965 Corruerat
1035 1908 1124 1979 alter,
1140 1917 1174 1968 et
1248 1892 1249 1915 l

273 2015 375 2090 plane,
392 2019 525 2087 inquam,
543 2016 669 2073 iacebat.
715 2016 878 2073 Memmius
896 2023 1000 2073 autem
1019 2016 1173 2089 dirempta
1248 2034 1249 2047 ²

275 2127 407 2182 coitione
425 2127 521 2181 invito
538 2123 662 2181 Calvino
678 2123 769 2195 plane
786 2123 956 2195 refrixerat,
971 2132 1004 2183 et
1021 2145 1058 2185 co
1074 2131 1173 2198 magis

169 2254 212 2302 xvi,
274 2252 356 2290 nunc
370 2239 453 2290 totus
467 2222 570 2302 iacet,²
584 2231 665 2303 quod
680 2236 739 2288 iam
756 2232 1012 2303 intellegebamus
1030 2239 1173 2292 enuntia-

274 2338 391 2392 tionem
404 2332 488 2390 illam
503 2334 631 2390 Memmi
646 2332 733 2391 valde
748 2333 868 2391 Caesari
882 2334 1050 2406 displicere.
1089 2335 1173 2395 Mes·
1248 2332 1249 2379 l

274 2434 348 2493 salla
361 2441 466 2492 noster
480 2442 513 2492 et
530 2438 595 2492 eius
615 2434 767 2492 Domitius
787 2439 969 2507 competitor
986 2436 1121 2496 liberalis
1140 2443 1173 2497 in
1248 2484 1249 2531 ἶ

179 2556 182 2560 ⁴
274 2537 386 2618 populo
400 2535 488 2595 valde
506 2535 572 2594 fuit.
617 2536 703 2594 Nihil
721 2541 845 2608 gratius
890 2537 973 2599 Certi
992 2545 1080 2596 erant
1100 2560 1173 2598 con·
1248 2534 1249 2593 ἶ

274 2639 362 2698 sulcs.
400 2638 444 2695 At
458 2646 581 2698 senatus
595 2637 741 2709 decrevit,
756 2646 791 2696 ut
804 2643 932 2697 tacitum
943 2639 1088 2716 iudicium
1098 2631 1173 2719 ante

274 2744 397 2800 comitia
421 2739 509 2799 fieret
533 2740 571 2797 ab
596 2743 632 2797 iis
657 2740 798 2812 consiliis,
820 2761 897 2813 quae
921 2748 1010 2799 erant
1030 2744 1173 2802 omnibus

274 2847 390 2913 sortita,
405 2846 438 2899 in
456 2842 591 2913 singulos
610 2841 794 2900 candidatos.
840 2842 972 2914 Magnus
990 2847 1082 2901 timor
1101 2866 1172 2903 can-

274 2945 455 3004 didatomm.
505 2942 568 3003 Sed
593 2943 716 3015 quidam
741 2944 866 3015 iudices,
891 2947 924 3001 in
948 2944 995 3003 his
1020 2945 1172 3018 Opimius,

520 3072 526 3100 ¹
543 3071 609 3136 quid
620 3088 654 3121 ne
665 3072 755 3122 added
764 3072 797 3137 by
811 3073 922 3137 Tyrrell.

491 3147 503 3180 ²
519 3155 594 3199 totus
605 3150 677 3200 iacet
688 3151 776 3200 Reid:
794 3151 902 3201 cociace
913 3151 955 3205 M.

358 3245 418 3300 320
