2484 3854
442 311 611 370 MARCUS
632 309 815 369 TULLIUS
836 307 986 366 CICERO

267 437 354 509 liber,
369 439 496 508 curabis,
511 446 546 495 ut
561 445 594 494 et
608 436 740 495 Athenis
758 440 797 494 sit
815 444 848 493 et
865 439 898 491 in
915 437 1024 492 ceteris
1042 433 1162 505 oppidis

269 532 429 600 Graeciae;
451 532 572 589 videtur
593 535 675 589 enim
696 550 783 602 posse
804 529 918 601 aliquid
940 532 1049 585 nostris
1071 529 1161 586 rebus
1233 552 1234 555 ¹

267 627 343 684 lueis
357 626 483 684 adferre.
529 625 742 684 Oratiunculas
756 632 869 695 autem,
882 632 915 682 et
929 643 1002 706 quas
1017 622 1161 694 postulas,

269 729 301 779 et
316 721 417 792 plures
428 725 520 779 etiam
531 725 661 791 mittam,
673 724 815 791 quoniam
826 718 950 790 quidem
961 738 1006 788 ea,
1019 737 1096 789 quae
1107 737 1162 774 nos

269 816 424 873 scribimus
438 814 735 872 adulescentulorum
750 813 857 871 studiis
872 816 1006 883 excitati,
1021 820 1053 870 te
1069 816 1162 870 etiam
1231 832 1232 835 ¹

269 909 433 967 delectant.
480 910 550 967 Fuit
564 914 646 967 enim
664 908 738 966 mihi
756 908 957 978 commodum,
972 906 1054 979 quod
1071 911 1162 964 ineis

270 1005 463 1074 orationibus,
483 1023 560 1075 quae
584 996 768 1074 Philippieae
788 1006 992 1073 nominantur,
1011 1005 1164 1059 enituerat

270 1102 342 1155 civis
356 1097 408 1155 ille
423 1106 493 1155 tuus
509 1096 743 1168 Demosthenes
759 1105 791 1154 et
805 1096 886 1168 quod
901 1117 933 1154 se
948 1096 1055 1153 abhoc
1070 1095 1163 1153 refra-

270 1193 394 1250 ctariolo
409 1192 540 1250 iudiciali
552 1191 674 1249 dicendi
684 1212 798 1261 genere
813 1192 1001 1262 abiunxerat,
1013 1199 1048 1248 ut
1061 1189 1163 1260 σεμνό-

270 1285 348 1357 τερός
363 1311 406 1349 τις
422 1286 469 1344 καὶ
483 1285 705 1356 πολιτικώτερος
719 1286 883 1357 videretur,
897 1306 1011 1356 curare,
1027 1294 1059 1343 et
1076 1306 1164 1343 meae

271 1402 391 1454 quoque
406 1390 509 1440 essent
523 1386 683 1453 orationes,
694 1401 771 1453 quae
787 1380 957 1438 consulares
971 1384 1164 1438 nominaren-

271 1485 328 1534 tur.
373 1475 510 1548 Quarum
523 1497 583 1534 una
598 1484 645 1533 est
659 1481 691 1532 in
702 1483 809 1533 senatu
822 1475 887 1532 Kal.
903 1474 1056 1545 ianuariis,
1068 1474 1165 1532 altera

270 1571 310 1628 ad
323 1571 468 1643 populum
476 1571 522 1629 'de
537 1572 606 1641 lege
621 1574 745 1641 agraria,
757 1574 849 1627 tertia
860 1569 899 1627 de
911 1569 1046 1640 Othone,
1057 1577 1166 1640 quarta

270 1686 324 1738 pro
341 1666 470 1737 Rabiri0,
484 1670 591 1737 quinta
605 1665 644 1723 de
655 1669 888 1737 proscriptorum
899 1663 977 1734 filiis,
988 1672 1082 1734 sexta,
1095 1685 1165 1721 cum
1228 1686 1231 1697 ¹

270 1765 454 1833 provinciam
468 1765 500 1817 in
515 1764 656 1818 contione
671 1759 806 1830 deposui,
822 1763 960 1830 septima,
976 1779 1045 1816 cum
1060 1760 1165 1817 Catili-

270 1877 341 1913 nam
355 1858 451 1926 emisi,
465 1862 579 1925 octava,
591 1875 681 1926 quam
696 1853 788 1911 habui
802 1854 841 1911 ad
851 1853 1006 1926 populum,
1018 1853 1165 1926 postridie
1228 1868 1229 1881 ¹

271 1970 361 2021 quam
385 1948 514 2007 Catilina
536 1948 680 2021 profugit,
704 1969 784 2006 nona
806 1953 838 2005 in
860 1953 1011 2019 contione,
1032 1969 1091 2020 quo
1113 1949 1165 2007 die
1233 1978 1234 1995 2

271 2043 451 2114 Allobroges
457 2043 638 2115 iudicarunt,
645 2042 762 2100 decima
770 2047 803 2099 in
811 2050 919 2101 senatu
928 2043 1024 2100 Nonis
1035 2042 1166 2102 Decem-

270 2140 380 2197 bribus.
426 2138 504 2197 Sunt
521 2146 679 2210 praeterea
695 2137 773 2196 duae
793 2138 908 2208 breveS,
926 2141 1011 2208 quasi
1031 2137 1167 2195 ἀποσπα-

270 2232 380 2304 σμάτια
400 2234 476 2304 legis
497 2237 638 2303 agrariae.
685 2233 754 2289 Hoc
775 2240 875 2289 totum
896 2231 979 2303 σῶμα
997 2233 1107 2290 curabo
1131 2240 1169 2290 ut

272 2328 398 2396 habeas;
420 2336 462 2398 et,
482 2332 624 2398 quoniam
645 2335 677 2384 te
699 2347 767 2398 oum
789 2331 900 2399 scripta
920 2335 988 2384 tum
1008 2347 1056 2385 res
1077 2347 1167 2386 meae

271 2422 437 2491 delectant,
452 2421 549 2479 isdem
561 2442 598 2479 ex
609 2421 692 2478 libris
703 2425 875 2493 perspicies,
888 2430 920 2479 et
930 2441 1007 2493 quae
1018 2425 1166 2492 gesserim

272 2524 305 2574 et
322 2536 399 2587 quae
417 2516 560 2584 dixerim3
582 2524 635 2573 aut
652 2536 692 2573 ne
709 2520 910 2588 poposcisses3
933 2536 990 2586 ego
1008 2521 1090 2575 enim
1107 2519 1166 2578 tibi

271 2632 321 2668 me
336 2631 398 2668 non
411 2611 581 2669 offerebam.

314 2705 405 2778 Quod
419 2704 547 2778 quaeris,
562 2706 635 2779 quid
655 2711 704 2777 sit,
719 2725 779 2777 quo
798 2714 830 2764 te
850 2726 1006 2777 arcessam,
1021 2727 1056 2763 ac
1075 2708 1168 2765 simul

272 2796 453 2868 impeditum
470 2804 503 2854 te
521 2800 651 2866 negotiis
670 2816 734 2854 esse
752 2795 900 2866 significas
918 2813 1018 2867 neque
1035 2815 1168 2873 reeusaS,

272 2890 356 2958 quin,
370 2906 432 2943 non
447 2885 537 2943 modo
551 2890 576 2943 si
590 2906 664 2957 opus
679 2889 727 2957 sit,
739 2885 794 2944 sed
808 2889 901 2943 etiam
915 2888 939 2943 si
950 2886 1052 2956 velim,
1062 2905 1168 2944 aecur-

272 2995 329 3047 raS,
351 2975 427 3032 nihil
448 2995 520 3033 sane
542 2982 589 3033 est
610 2995 745 3046 necesse,
766 2995 871 3033 verum
895 2983 999 3032 tamen
1022 2974 1169 3035 videbare

271 3064 346 3123 mihi
357 3073 495 3137 tempora
505 3068 756 3137 peregrinationis
767 3064 952 3122 commodius
963 3084 1050 3136 posse
1061 3063 1170 3123 discri-

272 3156 352 3214 bere.
398 3155 495 3212 Nimis
509 3155 581 3212 abes
596 3153 658 3224 diu,
673 3158 851 3225 praesertim
866 3174 934 3211 cum
949 3158 988 3211 sis
999 3157 1031 3211 in
1042 3159 1169 3225 propin-

358 3257 415 3309 102
