2498 3850
434 282 605 345 MARCUS
626 280 809 341 TULLIUS
830 279 980 339 CICERO

259 406 455 476 satisfacere,
470 410 531 462 n‘on
546 424 607 475 quo
623 403 749 474 faceret,
764 402 819 460 sed
835 410 871 460 ut
888 401 1017 471 faceret3
1034 404 1158 461 mirabi-

258 516 330 573 liter
344 519 425 573 enim
439 522 572 571 moratus
588 520 645 583 est,
660 516 738 570 sicut
751 515 843 581 nosti,
853 509 956 568 ἑλικτὰ
972 510 1019 567 καὶ
1034 508 1157 569 οὐδέν-

259 622 321 682 Sed
343 643 398 681 nos
420 630 561 680 tenemus
578 613 775 692 praecepium
792 618 868 677 illud
882 618 933 681 τὰς
947 618 1004 677 τῶν
1019 619 1157 690 κρατούν-

257 755 364 790 των-.
408 731 453 788 At
475 729 599 787 hercule
621 728 699 786 alter
716 735 787 786 tuus
809 727 974 798 familiaris,
998 728 1157 800 Hortalus,
1224 741 1227 745 '

259 858 350 910 quam
369 837 460 910 plena
477 857 578 908 manu,
596 856 687 907 quam
704 841 848 907 ingenue,
868 854 958 906 quam
978 845 1084 894 ornate
1101 856 1157 895 no·

259 954 335 1007 stras
349 945 455 1004 laudes
469 950 501 1003 in
516 953 596 1003 astra
610 944 742 1014 sustulit,
757 963 826 1001 curn
844 942 883 1001 de
902 943 1001 1001 Flacci
1014 951 1158 1016 praetura

260 1063 293 1113 et
307 1054 346 1113 de
361 1054 414 1112 illo
427 1062 565 1125 tempore
579 1052 780 1123 Allobrogum
794 1051 923 1110 diceret!
969 1052 1019 1111 Sic
1033 1051 1157 1125 habeto,

259 1183 317 1221 neo
331 1166 481 1220 amantius
502 1180 560 1218 nee
583 1159 829 1220 honorificentius
852 1179 909 1218 nec
932 1164 1080 1235 copiosius
1103 1180 1158 1233 po-

259 1275 354 1329 tuisse
368 1270 436 1328 dici.
481 1269 519 1327 Ei
533 1277 566 1326 te
580 1268 638 1326 hoe
653 1269 783 1326 scribere
798 1288 816 1325 a
826 1287 875 1326 me
887 1269 944 1326 tibi
956 1286 1021 1326 esse
1031 1272 1158 1328 missum

260 1397 332 1436 sane
347 1377 422 1435 volo.
461 1376 522 1435 Sed
537 1376 610 1447 quid
620 1384 656 1434 tu
667 1376 795 1434 scribas?
810 1395 902 1447 quem
913 1380 972 1433 iam
984 1396 1041 1448 ego
1052 1381 1158 1436 venire

260 1493 353 1556 atque
367 1485 473 1543 adesse
490 1485 632 1553 arbitron
646 1488 690 1541 ita
707 1487 789 1541 enim
808 1488 858 1555 egi
875 1492 978 1542 tecum
997 1489 1158 1555 superiori-

259 1594 317 1651 bus
331 1593 449 1651 litteris.
488 1592 585 1650 Valde
596 1600 628 1650 te
641 1600 794 1663 exspecto,
806 1591 894 1650 valde
905 1591 1044 1651 desidero
1055 1611 1158 1665 neque

261 1721 319 1772 ego
333 1705 439 1773 magis,
454 1719 545 1771 quam
559 1704 624 1772 ipsa
637 1719 686 1757 res
701 1707 734 1758 et
747 1708 869 1771 tempus
883 1705 988 1772 poscit.

304 1810 363 1868 His
377 1807 416 1866 de
431 1812 562 1880 negotiis
577 1807 651 1879 quid
664 1808 791 1866 scribam
806 1807 845 1865 ad
860 1816 892 1866 te
907 1813 965 1867 nisi
979 1808 1062 1867 idern
1076 1811 1159 1881 quod

261 1918 368 1988 saepe?
383 1936 416 1974 re
431 1916 552 1988 publica
563 1916 639 1973 nihil
651 1914 850 1988 desperatius,
860 1920 907 1987 iis,
918 1936 1045 1987 quorum
1056 1937 1160 1991 opera,

261 2024 337 2082 nihil
352 2029 465 2082 maiore
480 2023 556 2081 odio.
602 2024 675 2094 Nos,
695 2031 731 2081 ut
748 2027 849 2095 opinio
867 2032 899 2082 et
919 2044 987 2097 spes
1005 2033 1038 2083 et
1057 2031 1159 2085 conie-

261 2141 347 2191 ctura
366 2140 469 2191 nostra
485 2131 556 2203 fert,
576 2132 743 2190 firmissima
762 2131 977 2191 benevolentia
1000 2133 1160 2194 hominum

260 2245 372 2299 muniti
385 2260 495 2298 sumus.
540 2238 642 2311 Quare
656 2238 777 2309 advola3
791 2248 844 2298 aut
855 2241 1000 2312 expedies
1010 2261 1066 2300 nos
1077 2249 1159 2301 omni

261 2348 400 2405 molestia
414 2356 467 2405 aut
482 2351 540 2405 eris
554 2352 713 2418 particeps,
760 2347 834 2405 ldeo
849 2368 915 2406 sum
926 2350 1055 2421 brevior,
1067 2352 1160 2423 quod,

262 2463 298 2513 ut
317 2474 415 2526 spero,
433 2474 532 2513 coram
552 2456 636 2513 brevi
654 2463 793 2527 tempore
813 2456 961 2527 conferre,
978 2478 1056 2528 quae
1076 2460 1160 2517 volu-

263 2582 341 2633 mus,
355 2562 467 2620 licebit.
513 2562 600 2633 Cura,
615 2571 651 2620 ut
665 2563 771 2621 valeas.
861 2642 864 2649 ἢ
