2480 3862
433 284 605 393 MARCUS
625 333 808 394 TULLIUS
830 332 981 394 CICERO

550 640 654 678 CICERO
676 639 783 678 ATTICO
803 641 862 679 SAL.

43 719 102 777 Scr.
111 720 140 776 in
147 719 246 777 Cilicio
301 716 367 773 Etsi
386 717 430 773 nil
449 736 521 775 sane
539 716 688 774 habebam
705 721 785 788 novi,
803 717 884 788 quod
901 724 970 789 post
987 719 1159 789 accidisset,
1231 728 1233 825 Ῑ

12 825 22 851 ·
43 824 77 859 m·
94 803 156 860 lun·
173 811 237 860 anie-
259 831 351 882 quam
364 812 516 870 dedissem
533 812 572 870 ad
589 820 622 871 te
640 812 809 884 Philogeni,
824 813 934 871 liberto
948 821 1013 885 tuo,
1028 814 1159 885 litteras
1230 836 1234 911 J

47 885 74 943 V
85 887 124 943 K·
141 886 235 953 Quint·
259 915 373 977 tamen,
385 928 454 965 eum
466 907 663 965 Philotimum
675 907 801 965 Romam
811 913 1011 981 remitterem,
1022 911 1159 968 scriben-
1230 920 1232 961 l

42 990 68 1027 α·
87 972 148 1040 7⁰4
259 1002 333 1061 dum
346 1003 461 1075 aliquid
474 1004 513 1062 ad
530 1012 563 1062 te
577 1003 644 1061 firit
688 1004 735 1061 Ae
751 1008 883 1075 primum
901 1003 988 1075 illud,
1003 1005 1088 1076 quod
1108 1027 1159 1064 me

257 1118 398 1157 maxume
411 1101 650 1170 angebat—non
663 1119 723 1170 quo
736 1120 787 1157 me
797 1099 913 1171 aliquid
925 1104 1029 1158 iuvare
1043 1121 1158 1173 posses.

258 1193 390 1266 Quippe,
413 1214 461 1253 res
489 1199 572 1253 enim
595 1203 643 1254 est
664 1200 697 1252 in
719 1197 868 1266 manibus,
890 1204 925 1254 tu
954 1204 1059 1254 autem
1085 1199 1159 1256 abes

256 1290 349 1361 longe
362 1295 502 1361 gentium
513 1309 520 1359 ;

611 1373 713 1432 πολλὰ
728 1373 750 1431 δ’
765 1373 794 1432 ἔν
807 1374 968 1446 μεταιχμίῳ

425 1456 504 1520 νότος
516 1456 643 1528 κυλίνδει
656 1457 755 1528 κύματ’
767 1455 874 1528 εὐρείηέ
884 1457 964 1520 ἁλός.

258 1564 389 1636 Obrepit
399 1565 474 1635 dies,
486 1573 521 1623 ut
531 1565 616 1623 vides
630 1552 719 1634 (mihi
734 1570 817 1623 enim
831 1565 899 1622 ad
913 1584 946 1622 111
963 1565 1029 1623 Kal.
1046 1566 1156 1625 Sextil.

256 1661 296 1718 de
309 1664 464 1732 provincia
474 1661 687 1719 decedendum
701 1650 772 1732 est),
783 1681 841 1719 nec
850 1662 1030 1720 succeditur.
1053 1661 1157 1734 Quem

257 1756 435 1827 relinquam,
451 1761 502 1827 qui
517 1761 688 1828 provinciae
701 1762 836 1828 praesit?
880 1757 969 1814 Ratio
982 1757 1111 1828 quidem
1126 1767 1159 1817 et

256 1855 359 1923 opinio
372 1851 530 1910 hominum
543 1852 679 1924 postulat
688 1852 824 1922 fratrem,
836 1852 1061 1924 primumquod
1072 1855 1158 1912 vide-

256 1954 307 2003 tur
318 1967 383 2005 esse
393 1947 500 2019 honos,
508 1968 599 2006 nemo
610 1952 703 2019 igitur
713 1953 828 2019 potior3
842 1949 956 2006 deinde
964 1949 1048 2019 quod
1058 1950 1158 2008 solum

256 2042 554 2114 habeopraetorium.
596 2044 774 2115 Pomptinus
786 2048 868 2102 enim
879 2064 917 2102 ex
928 2051 1017 2116 pacto
1034 2052 1069 2102 et
1086 2066 1157 2103 con-

256 2147 348 2196 vento
369 2126 454 2207 (nam
474 2159 510 2197 ea
528 2139 598 2210 lege
619 2128 750 2213 exierat)
771 2142 831 2196 iam
850 2160 868 2196 a
887 2159 937 2197 me
956 2139 1158 2209 discesserat;

256 2243 447 2304 quaestorem
465 2255 556 2293 nemo
574 2236 702 2306 dignum
720 2243 824 2307 putat;
846 2239 961 2293 etenim
978 2243 1027 2292 est
1045 2222 1158 2307 “leviS,

254 2329 442 2402 libidinosus
459 2332 581 2402 tagax.’'
626 2332 675 2389 De
693 2331 786 2389 fratre
803 2339 907 2388 autem
926 2333 1060 2402 primum
1080 2332 1159 2390 illud
1233 2326 1236 2333 ⁴

255 2433 310 2483 est.
354 2426 531 2484 Persuaderi
542 2431 571 2485 ei
581 2447 643 2485 non
654 2447 741 2498 posse
752 2428 882 2484 arbitror
888 2445 897 2494 ;
916 2426 982 2483 odit
991 2430 1078 2483 enim
1089 2448 1159 2499 pro-

255 2525 394 2592 vinciam,
417 2530 451 2580 et
475 2521 599 2580 hercule
622 2523 698 2580 nihil
721 2518 863 2591 odiosius,
885 2521 963 2578 nihil
986 2521 1157 2581 molestius.

255 2617 387 2689 Deinde,
398 2626 434 2675 ut
447 2618 523 2675 mihi
537 2618 616 2676 nolit
629 2637 753 2688 negare,
764 2617 911 2688 quidnam
924 2619 985 2673 mei
996 2620 1038 2674 sit
1049 2618 1159 2676 officii?

254 2732 324 2770 cum
338 2713 453 2772 bellum
469 2733 535 2772 esse
549 2719 581 2793 in
596 2714 682 2784 Syria
695 2732 841 2783 magnum
855 2719 991 2783 putetur,
1006 2712 1040 2769 id
1055 2713 1159 2772 videu-
1235 2794 1236 2797 Ἴ

254 2813 350 2866 turin
365 2808 443 2866 hanc
457 2813 641 2881 provinciam
657 2815 845 2879 erupturum,
859 2807 910 2864 hic
924 2807 1070 2878 praesidii
1080 2809 1158 2866 nihil
1235 2838 1236 2841 ¹

253 2909 303 2975 sit,
314 2912 452 2976 sumptus
463 2924 581 2962 annuus
590 2904 732 2961 decretus
743 2907 793 2974 sit,
802 2902 981 2960 videaturne
992 2911 1049 2960 aut
1060 2909 1158 2975 pieta-

253 3004 293 3058 tis
305 3019 370 3058 esse
381 3020 468 3058 meae
479 2999 605 3056 fratrem
616 2999 789 3070 relinquere
800 3005 854 3055 aut
865 2998 1046 3069 diligentiae
1061 3020 1158 3071 nuga-

253 3115 320 3152 rum
331 3095 446 3166 aliquid
457 3095 649 3165 relinquere?
682 3095 796 3165 Magna
807 3099 910 3165 igitur,
921 3100 956 3151 ut
967 3093 1066 3165 vides,
1077 3095 1158 3153 solli-
1234 3140 1236 3143 ψ

253 3190 389 3248 citudine
397 3190 646 3262 adficior,magna
655 3195 757 3262 inopia
766 3190 890 3248 consilii.
923 3187 1008 3260 Quid
1018 3193 1159 3260 quaeris?

337 3281 398 3331 454
