2494 3854
499 494 541 554 M.
565 494 693 554 Tuum
717 470 938 554 crcuuonrs

415 590 717 650 arrsrumnun
740 589 800 647 An
822 587 1014 648 Arnoun

572 684 697 745 num
719 685 878 745 snxrus

568 984 672 1023 CICERO
687 982 793 1023 arrico
808 984 866 1022 sat.

59 1029 119 1087 δα·
312 1063 426 1135 Accepi
455 1069 523 1120 tuas
551 1062 670 1120 litteras
698 1082 723 1118 a.
755 1061 783 1118 d.
814 1065 956 1142 quintum
985 1059 1170 1118 Terminalia

59 1112 255 1254 &woman
271 1131 455 1227 Laodiceae3
476 1178 550 1229 quas
564 1158 627 1229 legi
637 1158 838 1215 libentissime
849 1157 1039 1229 plenissimas
1050 1160 1169 1226 amo'ris,

59 1301 85 1338 a·
99 1281 139 1338 70
138 1281 160 1350 ᾖ
270 1254 478 1324 humanitatis
490 1255 587 1324 officii,
602 1253 788 1324 diligentiae.
821 1253 862 1311 lis
873 1257 967 1324 igitur
977 1251 1171 1325 respondebo

60 1362 212 1414 {naariam
270 1370 333 1408 non
354 1348 462 1422 χρύσεα
481 1348 625 1421 χαλκείων
647 1336 704 1418 (sic
733 1353 816 1407 enim
844 1336 992 1420 postulas)
1015 1368 1073 1406 nec
1094 1345 1170 1405 οἰκο-

272 1444 371 1517 νομίαν
380 1465 479 1503 meam
487 1449 655 1516 instituam,
665 1445 720 1503 sed
729 1445 868 1503 ordinem
878 1445 1062 1502 conservabo
1071 1451 1167 1502 tuum.

273 1543 505 1600 Recentissimas
519 1560 537 1597 a
552 1541 697 1611 Cybistris
712 1549 745 1599 te
759 1561 842 1599 meas
857 1540 975 1598 litteras
997 1539 1111 1597 habere
1127 1543 1171 1598 ais

270 1659 295 1695 a.
313 1638 341 1695 d.
359 1657 378 1694 x
395 1636 547 1694 Kalendas
563 1636 714 1696 Octobres
729 1637 815 1695 datas
831 1643 864 1694 et
879 1637 955 1694 scire
967 1640 1021 1707 vis,
1031 1624 1099 1693 tuas
1111 1655 1170 1707 ego

271 1754 344 1805 quas
372 1717 550 1804 acceperim.
595 1732 712 1791 Omnes
741 1730 816 1803 fere,
846 1752 920 1803 quas
942 1751 1170 1802 commemoras,

271 1838 392 1902 praeter
417 1838 477 1899 eas,
503 1848 576 1899 quas
602 1829 707 1905 scribis
734 1828 858 1887 Lentuli
883 1832 985 1904 pueris
998 1816 1043 1885 ¹et
1067 1827 1171 1898 Equo·

271 1929 368 1983 tutico
393 1932 426 1983 et
451 1924 612 1983 Brundisio
636 1925 729 1983 datas.
776 1923 878 1996 Quare
900 1944 962 1982 non
984 1922 1095 1995 οἴχεται
1118 1930 1172 1982 tua

271 2020 429 2091 industria,
458 2019 539 2090 quod
568 2024 691 2091 vereris,
720 2020 775 2079 sed
803 2020 957 2091 praeclare
982 2023 1116 2091 ponitur,
1146 2023 1171 2077 si

272 2116 396 2188 quidem
410 2116 443 2173 id
457 2120 557 2187 egisti,
573 2123 608 2173 ut
626 2137 684 2188 ego
706 2116 884 2174 delectarer.
930 2115 1009 2173 Nam
1030 2115 1116 2172 nulla
1138 2135 1171 2173 re

272 2228 339 2270 sum
353 2212 524 2270 delectatus
539 2216 643 2282 magis

314 2308 405 2380 Quod
419 2328 519 2365 meam
539 2306 693 2378 βαθύτητα
707 2313 739 2365 in
754 2307 855 2381 Appio
872 2308 939 2379 tibi,
954 2307 1172 2366 liberalitatem
1237 2348 1238 2385 3

272 2409 365 2462 etiam
394 2408 426 2461 in
455 2403 550 2461 Bruto
582 2405 687 2475 probo,
723 2403 926 2462 vehementer
961 2403 1101 2475 gaude03
1137 2414 1173 2464 a'c

272 2508 411 2572 putaram
439 2499 529 2571 paulo
558 2520 653 2558 secus.
712 2500 830 2574 Appius
867 2503 950 2558 enim
983 2498 1024 2556 ad
1053 2520 1104 2558 me
1133 2520 1171 2559 ex

271 2600 382 2654 itinere
411 2596 457 2652 bis
484 2601 571 2653 terve
600 2594 861 2667 ὑπομεμψιμοίρους
889 2595 1006 2652 litteras
1036 2600 1172 2667 miserat,

272 2691 354 2762 quod
369 2692 518 2761 quaedam
538 2711 557 2747 a
578 2711 610 2749 se
632 2696 799 2749 constituta
820 2686 1056 2749 rescinderem(
1081 2692 1126 2750 Ut
1147 2695 1172 2749 si

272 2787 418 2857 medicus,
434 2806 503 2845 cum
517 2784 660 2858 aegrotus
674 2787 725 2844 alii
739 2783 859 2844 medico
874 2786 1004 2844 traditus
1019 2792 1069 2858 sit,
1084 2791 1171 2846 irasci

239 2943 242 2948 ,
274 2882 348 2940 velit
363 2886 392 2940 ei
405 2882 535 2952 medico,
550 2887 602 2954 qui
620 2884 677 2940 sibi
692 2886 880 2953 successerit,
895 2887 931 2953 si,
953 2902 1031 2953 quae
1052 2887 1118 2955 ipse
1140 2888 1171 2941 in

275 2964 630 3050 curando·constituerit,
647 2985 749 3036 mutet
766 2978 828 3049 ille,
847 2982 889 3036 sic
907 2978 1036 3050 Appius,
1054 2990 1124 3037 cuni
1142 2973 1173 3051 ἐξ

276 3073 452 3146 ἀφαιρέσεως
480 3078 664 3146 provinciam
693 3079 814 3145 curarit,
840 3073 1020 3147 san'guinem
1045 3079 1172 3147 miserit,

276 3171 420 3243 quicquid
433 3175 544 3243 potuit,
559 3170 736 3242 detraxerit,
751 3169 826 3229 mibi
843 3169 1005 3229 tradiderit
1022 3178 1173 3243 enectam,

359 3268 420 3324 414
