2512 3958
431 596 601 657 MARCUS
622 595 804 657 TULLIUS
826 595 976 659 CICERO

256 723 517 790 praetermisisset,
531 739 571 776 an
586 738 651 776 esse
668 726 768 777 tantas
788 739 835 776 res
855 726 981 789 nostras,
997 737 1073 789 quae
1088 724 1151 774 tam

256 826 366 884 libenti
394 834 501 884 senatu
530 827 735 898 laudarentur,
760 826 799 884 ab
824 846 861 884 eo
882 829 1076 899 praesertim,
1100 829 1152 895 qui

257 934 332 991 mihi
353 935 475 992 laudem
488 934 571 992 illam
587 954 623 993 eo
637 939 736 993 minus
750 934 888 1004 deberet,
903 934 985 1006 quod
998 937 1074 991 meis
1089 952 1151 990 om-

257 1043 346 1100 nibus
367 1043 477 1100 litteris
499 1048 531 1099 in
554 1043 736 1114 Pompeiana
757 1043 848 1100 laude
870 1047 1047 1114 perstrictus
1062 1048 1150 1099 esset.
1255 1061 1256 1094 3

221 1144 320 1207 affin
340 1150 405 1208 dies
419 1170 469 1208 me
483 1148 571 1209 valde
592 1150 696 1209 Crasso
709 1151 857 1221 adiunxit,
873 1159 907 1208 et
924 1158 1028 1208 tamen
1042 1149 1081 1207 ab
1100 1148 1152 1206 illo

257 1267 363 1330 aperte
387 1267 470 1317 tecte
496 1259 640 1331 quicquid
666 1267 713 1317 est
740 1260 856 1331 datum,
882 1259 1015 1317 libenter
1039 1261 1150 1328 accepi.

258 1373 324 1444 Ego
339 1382 442 1431 autem
456 1378 530 1444 ipse,
546 1374 577 1431 di
592 1374 678 1431 boni!
700 1395 760 1457 quo
774 1373 865 1431 modo
880 1369 1154 1444 ε’νεπερπερευσάμην

258 1506 335 1544 novo
352 1487 482 1545 auditori
505 1487 662 1558 Pompeio!
706 1488 738 1546 Si
759 1508 902 1559 umquam
923 1487 998 1545 mihi
1019 1483 1151 1556 περίοδοι,

257 1605 283 1659 si
307 1600 423 1671 καμπαί,
440 1606 465 1659 si
491 1599 680 1673 ἐνθυμήματα,
697 1606 722 1659 si
746 1599 921 1659 κατασκευαί
941 1598 1153 1672 suppeditave-

258 1723 339 1786 runt,
354 1715 406 1773 illo
420 1723 566 1787 tempore.
605 1714 688 1787 Quid
702 1715 817 1773 multa?
838 1714 991 1772 clamores.
1029 1713 1153 1771 Etenim

258 1829 333 1887 haec
354 1837 419 1888 erat
433 1827 575 1900 ὑπόθεσις,
593 1829 632 1887 de
651 1833 800 1900 gravitate
822 1828 944 1899 ordinis
959 1827 999 1886 de
1020 1830 1154 1898 equestri

259 1943 427 2014 concordia,
452 1943 491 2001 de
517 1947 713 2002 consensione
740 1941 856 2013 Italiae,
882 1941 922 2001 de
947 1944 1154 1999 intermortuis

258 2057 392 2129 reliquiis
407 2059 629 2128 coniurationis,
641 2058 681 2115 de
695 2055 822 2128 vilitate,
834 2054 874 2113 de
888 2057 958 2113 otio.
991 2053 1080 2113 Nosti
1094 2055 1154 2110 iam

259 2161 298 2228 in
313 2170 371 2229 hac
390 2174 518 2229 materia
540 2175 655 2230 sonitus
679 2177 803 2228 nostros.
848 2168 940 2227 Tanti
963 2166 1097 2238 fuerunt,
1119 2173 1155 2223 ut

259 2302 317 2355 ego
339 2303 376 2344 eo
396 2285 515 2344 brevior
528 2288 594 2356 sim,
610 2283 691 2356 quod
713 2303 764 2343 eos
777 2301 873 2354 usque
893 2285 982 2340 istinc
998 2279 1154 2371 exauditos

259 2409 373 2473 putem.
1239 2368 1244 2385 ³

221 2514 271 2575 §J
304 2516 454 2575 Romanae
465 2526 569 2575 autem
583 2536 615 2575 se
630 2535 677 2574 res
692 2519 734 2574 sic
748 2515 872 2573 habent.
904 2514 1033 2573 Senatus
1042 2510 1154 2582 Ἀρειος
1239 2514 1243 2571 .“

259 2630 367 2701 atym
389 2631 464 2689 nihil
480 2636 676 2702 constantius,
691 2629 767 2687 nihil
783 2633 925 2698 severius,
940 2627 1016 2685 nihil
1027 2626 1152 2684 ‘fortius
1221 2644 1225 2648 ·
1243 2626 1251 2641 “

261 2745 349 2816 Nam,
359 2765 429 2802 cum
441 2745 505 2803 dies
515 2749 648 2803 venisset
662 2747 812 2813 rogationi
828 2762 865 2801 ex
880 2749 1003 2800 senatus
1017 2740 1155 2798 consulto
1245 2762 1251 2813 3

259 2864 414 2935 ferendae,
434 2864 655 2953 concursabant
677 2861 827 2920 barbatuli
848 2866 982 2932 iuvenes,
999 2868 1082 2919 totus
1103 2859 1155 2917 ille
1203 2852 1208 2863 ⁸
1247 2880 1254 2929 ·,

260 2998 334 3048 grex
357 2978 513 3049 Catilinae,
529 2978 606 3036 duce
628 2977 719 3034 filiola
741 2975 877 3034 Curionis
897 2981 929 3032 et
950 2973 1105 3047 populum,
1120 2980 1156 3030 ut
1254 2957 1255 3004 3

259 3097 441 3164 antiquaret,
456 3092 611 3164 rogabant.
658 3090 725 3149 Piso
739 3098 843 3148 autem
857 3088 960 3147 consul
978 3088 1056 3146 lator
1069 3106 1155 3159 roga·
1254 3069 1255 3140 Ῑ

259 3188 351 3265 tionis
365 3207 448 3265 idem
462 3214 528 3266 erat
542 3206 698 3265 dissuasor.
734 3204 854 3277 Operae
869 3202 1031 3260 Clodianae
1046 3208 1155 3273 pontes

260 3329 452 3393 occuparant,
461 3321 592 3378 tabellae
603 3319 851 3377 ministrabantur
861 3321 914 3388 ita,
925 3324 961 3375 ut
974 3315 1059 3374 nulla
1068 3315 1155 3374 dare-

260 3444 310 3494 tur
330 3421 350 3448 “
358 3454 406 3494 v'r1
429 3435 550 3493 nouas.'’
597 3435 658 3492 Hic
680 3433 736 3490 tibi
758 3435 790 3489 in
812 3437 908 3489 rostra
929 3430 1004 3488 Cato
1025 3428 1155 3499 advolat,

344 3552 383 3603 42
