2512 3958
446 337 615 445 Mrncus
637 382 819 447 Turnus
842 385 991 444 crosno
1100 306 1247 481 χ

199 510 201 514 ”
272 528 368 582 posse,
394 512 529 567 contraxi
555 507 622 567 velo
649 512 834 580 perspiciens
862 507 994 580 inopiam
1023 509 1188 582 iudicum,

272 641 372 692 neque
394 621 456 679 dixi
472 625 634 741 &nequam
651 641 705 693 pro
720 624 904 691 testimonie,
919 625 977 678 nisi
998 622 1082 692 quod
1109 630 1189 680 erat

240 724 244 730 ’
271 738 313 791 ita
328 742 435 791 notum
449 742 541 805 atque
556 741 713 810 testatum,
728 741 764 790 ut
781 752 843 791 non
857 753 976 805 possem
990 738 1182 804 praeterire.

272 847 389 917 Itaque,
401 851 426 904 si
441 866 560 903 causam
574 850 692 916 quaeris
706 845 911 916 absolutionis,
926 849 1035 902 utiam
1049 848 1128 916 πρὸς
1144 848 1185 903 τὸ

271 957 408 1030 πρότερον
425 966 567 1029 revertar,
584 965 703 1029 egestas
717 956 851 1015 iudicum
870 957 929 1016 fuit
948 965 980 1015 et
999 959 1178 1029 turpitudo.

273 1070 309 1128 ld
323 1077 427 1129 autem
442 1079 477 1128 ut
490 1069 652 1141 accideret,
664 1074 855 1127 commissum
871 1077 917 1127 est
933 1070 1082 1127 Hortensi
1099 1090 1179 1129 con·

271 1182 350 1253 silio,
362 1188 413 1254 qui
436 1182 509 1240 dum
532 1187 645 1240 veritus
669 1189 725 1253 est,
747 1202 787 1240 ne
812 1181 912 1240 Fufius
936 1187 965 1240 ei
988 1181 1050 1253 legi
1074 1186 1177 1241 inter-

271 1295 404 1366 cederet,
431 1315 508 1367 quae
534 1315 571 1352 ex
597 1301 719 1353 senatus
748 1293 886 1352 consulto
915 1292 1080 1366 ferebatur,
1108 1315 1176 1377 non

271 1408 348 1466 vidit
368 1407 454 1476 illud,
475 1411 567 1464 satius
589 1426 654 1465 esse
676 1406 762 1464 illurn
783 1410 815 1464 in
837 1405 960 1463 infamia
981 1406 1115 1479 relinqui
1137 1427 1175 1464 ac

271 1519 407 1577 sordibus
427 1539 517 1589 quam
537 1517 655 1576 infirmo
676 1517 787 1575 iudicio
809 1522 968 1589 committi,
983 1518 1037 1576 sed
1058 1519 1172 1578 ductus

271 1632 340 1690 odio
354 1636 526 1704 properavit
541 1651 606 1689 rem
617 1631 769 1690 deducere
784 1636 817 1688 in
831 1631 985 1703 iudicium,
997 1653 1066 1690 cum
1081 1632 1170 1691 illurn

270 1747 414 1818 plumbeo
427 1745 529 1817 gladio
543 1745 713 1816 iugulatum
727 1750 763 1802 iri
778 1753 882 1804 tomen
897 1746 1020 1804 diceret.

269 1862 292 1909 ³³-
313 1860 374 1918 Sed
396 1859 540 1918 iudicium
566 1863 590 1917 si
616 1864 734 1931 quaeris
758 1860 847 1932 quale
873 1859 975 1931 fuerit,
995 1861 1164 1919 incredibili

271 1979 364 2045 exitu,
380 1978 482 2031 sicuti
497 1994 578 2031 nunc
593 1994 631 2031 ex
647 1981 759 2031 eventu
773 1975 812 2031 ab
825 1973 900 2045 aliis,
912 1995 930 2030 a
944 1994 993 2031 me
1008 1983 1111 2032 tamen
1126 1996 1163 2033 ex

269 2093 335 2158 ipso
348 2090 436 2144 initio
450 2087 617 2144 consilium·
627 2087 775 2144 Hortensi
789 2086 1038 2158 reprehendatur.
1077 2089 1161 2159 Nam,

270 2208 305 2258 ut
324 2204 449 2258 reiectio
469 2200 548 2257 facta
571 2208 618 2258 est
637 2200 815 2257 elamoribus
833 2205 979 2272 maximis,
995 2221 1063 2259 curn
1078 2222 1160 2260 aecu-

270 2323 350 2372 sator
374 2321 529 2385 tamquam
554 2334 660 2371 censor
682 2314 779 2371 bonus
807 2313 945 2373 homines
967 2319 1158 2386 nequissimos

269 2432 407 2498 reiceret,
417 2448 485 2485 reus
500 2436 655 2499 tamquam
666 2428 800 2485 clemens
811 2427 919 2485 lanista
930 2428 1156 2499 frugalissimum

269 2562 420 2614 quemque
430 2548 612 2613 secerneret,
623 2550 658 2599 ut
674 2545 805 2612 primurn
820 2540 935 2599 iudices
950 2542 1155 2614 consederunt,

270 2655 357 2714 valde
377 2655 512 2713 diffidere
532 2655 605 2712 boni
620 2663 795 2726 coeperunt.
840 2656 910 2713 Non
926 2660 1008 2713 enirn
1023 2677 1155 2729 umquam

270 2773 386 2840 turpior
400 2773 432 2825 in
451 2768 523 2826 ludo
538 2768 644 2826 talario
659 2788 814 2826 consessus
835 2769 903 2840 fuit,
918 2755 1061 2828 maculosi
1077 2790 1153 2829 sena-

269 2892 360 2954 tores,
376 2883 450 2941 nudi
472 2887 600 2953 equites,
615 2884 730 2940 tribuni
747 2903 809 2940 non
829 2891 892 2940 tam
906 2889 1001 2941 aerati
1016 2904 1108 2956 quam,
1122 2893 1152 2943 ut

270 2996 471 3071 appellantur,
486 3000 600 3054 aerarii.
640 2996 730 3054 Pauci
745 3004 848 3055 tomen
863 2998 935 3055 boni
949 3002 1076 3070 inerant,
1087 3019 1151 3070 quos

270 3115 435 3169 reiectione
451 3109 556 3181 fugare
572 3110 624 3168 ille
639 3131 702 3169 non
720 3119 871 3183 potuerat,
887 3117 939 3182 qui
958 3117 1065 3170 maesti
1081 3117 1151 3171 inter
1240 3138 1251 3171 r

253 3229 314 3283 'sui
337 3224 496 3282 dissimiles
517 3231 550 3281 et
566 3232 738 3283 maerentes
758 3224 907 3284 sedebant
929 3233 961 3282 et
983 3214 1148 3297 contagione

354 3338 393 3390 50
