2498 3850
450 304 621 365 MARCUS
642 305 825 366 TULLIUS
846 306 997 368 CICERO

62 680 121 738 Ser.
141 681 261 740 Thessa·
688 666 747 723 XX

63 764 182 907 ἰιῖγπὶεαῧ
182 765 203 823 Ι
204 765 231 823 V
324 792 428 831 crcrno
442 793 463 830 s.
481 792 509 831 n.
526 793 551 839 o.
568 792 700 831 crrcrmo
714 794 739 839 o.
757 793 781 831 r.
798 793 990 837 rouroursuo
1004 793 1120 847 mico,

94 868 137 906 ou.
182 856 215 906 ot.
232 870 258 906 a.

61 928 123 991 696
141 1015 143 1019 ι

274 883 356 954 quod
374 882 499 953 quidem
519 885 562 939 ita
582 901 648 939 esse
668 890 701 940 et
721 882 904 940 avunculum
924 891 1012 941 tuum
1031 871 1169 942 functum
1206 947 1208 951 ¹

275 1011 341 1049 esse
360 991 455 1048 officio
473 989 739 1048 vehementissime
759 991 863 1061 probo,
880 992 1014 1062 gaudere
1034 1003 1084 1050 ine
1103 1000 1169 1050 tum

274 1099 383 1171 dicam,
398 1102 422 1156 si
439 1097 514 1155 mihi
531 1097 589 1155 hoc
607 1099 699 1156 verbo
715 1097 821 1156 licebit
837 1103 891 1157 uti.
937 1099 990 1157 Me
1008 1101 1168 1158 miserum!

273 1228 364 1279 quam
381 1211 482 1264 omnia
499 1214 602 1264 essent
619 1227 657 1264 ex
675 1210 839 1278 sententia,
857 1211 882 1264 si
899 1208 985 1265 nobis
1002 1211 1130 1278 animus,
1144 1211 1169 1265 si

273 1315 441 1385 consilium,
456 1319 481 1372 si
495 1314 570 1372 fides
585 1333 699 1386 eorum,
709 1315 818 1385 quibus
833 1314 1026 1392 credidimus,
1040 1335 1102 1373 non
1116 1316 1169 1373 de-

272 1423 397 1481 fuisset!
437 1421 524 1494 Quae
539 1421 681 1493 colligere
696 1422 777 1494 nolo,
788 1442 828 1481 ne
842 1443 970 1494 augeam
983 1443 1151 1482 maerorem
1162 1443 1169 1492 ;

273 1532 328 1590 sed
344 1532 401 1589 tibi
416 1534 519 1588 venire
534 1534 566 1586 in
582 1538 720 1588 mentem
734 1538 818 1588 certo
833 1535 904 1603 scio,
919 1550 997 1602 quae
1011 1535 1074 1589 vita
1088 1540 1170 1590 esset

272 1648 385 1710 nostra,
395 1657 473 1709 quae
484 1641 624 1708 suavitas,
633 1657 710 1708 quae
721 1638 861 1710 dignitas.
894 1638 945 1696 Ad
955 1659 1033 1710 quae
1044 1659 1170 1711 recupe-

272 1747 376 1820 randa,
400 1767 456 1819 per
481 1745 635 1804 fortunas!
672 1747 825 1818 incumbe,
850 1755 886 1805 ut
914 1746 997 1820 facis,
1026 1748 1170 1819 diemque

271 1856 405 1914 natalem
419 1854 535 1912 reditus
549 1857 611 1911 mei
625 1873 697 1911 cura
710 1862 746 1913 ut
760 1859 792 1912 in
806 1859 867 1913 tuis
881 1856 1007 1914 aedibus
1021 1861 1170 1915 amoenis·

271 1968 354 2023 simis
373 1983 462 2035 agam
483 1970 586 2020 tecum
608 1969 640 2019 et
661 1982 731 2020 cum
752 1967 835 2021 meis.
881 1963 947 2034 Ego
964 1963 1035 2021 huic
1052 1968 1118 2035 spei
1136 1973 1171 2024 et

272 2074 502 2144 exspectationi,
516 2089 594 2140 quae
612 2070 699 2127 nobis
716 2075 895 2142 proponitur
908 2075 1049 2143 maxima,
1063 2080 1170 2132 tamen

270 2181 351 2239 volui
374 2178 550 2252 praestolari
573 2178 654 2249 apud
677 2185 709 2236 te
732 2182 764 2235 in
788 2178 890 2250 Epiro,
913 2180 1033 2237 sedita
1055 2180 1096 2238 ad
1118 2201 1170 2239 me
1241 2184 1242 2187 ’

270 2291 421 2360 scribitur,
442 2295 478 2345 ut
499 2294 606 2358 putem
627 2304 693 2343 esse
715 2285 900 2345 commodius
921 2307 984 2344 non
998 2287 1115 2346 eisdem
1136 2293 1170 2347 in

269 2397 343 2456 locis
358 2415 431 2455 esse.

313 2505 362 2563 De
379 2504 470 2562 domo
490 2510 522 2560 et
543 2502 679 2560 Curionis
699 2505 845 2572 oratione,
862 2510 898 2560 ut
918 2504 1031 2574 scribis,
1048 2507 1093 2562 ita
1111 2513 1167 2563 est.

271 2613 309 2671 In
326 2617 465 2672 universa
482 2610 590 2687 salute,
608 2614 633 2667 si
651 2629 686 2667 ea
703 2609 793 2667 modo
811 2611 897 2668 nobis
914 2615 1104 2684 restituetur,
1122 2617 1169 2670 in-

270 2730 361 2780 erunt
383 2724 504 2785 omnia;
535 2739 573 2776 ex
592 2718 704 2788 quibus.
723 2716 800 2774 nihil
822 2716 902 2774 malo
921 2738 1012 2789 quam
1031 2719 1167 2797 domum.

270 2830 332 2890 Sed
345 2830 403 2887 tibi
417 2828 493 2885 nihil
507 2826 618 2884 mando
632 2829 821 2897 nominatim,
832 2833 933 2884 totum
946 2835 1062 2886 metuo
1073 2835 1171 2887 amori

269 2938 400 3008 fideique
415 2934 602 2993 commendo.
1117 2974 1119 2978 .

310 3044 402 3118 Quod
418 3053 451 3103 te
468 3048 501 3101 in
518 3050 604 3101 tanta
621 3041 794 3099 hereditate
810 3042 849 3112 ab
867 3046 950 3100 omni
967 3049 1171 3115 occupatione

268 3155 429 3228 expedisti,
448 3151 537 3209 valde
556 3150 631 3207 mihi
651 3156 773 3220 gratum
793 3156 847 3207 est.
893 3149 985 3221 Quod
1003 3150 1170 3212 facultates
1239 3144 1242 3153 ¹

351 3268 411 3320 240
