2526 3850
461 278 631 338 MARCUS
652 279 835 339 TULLIUS
857 280 1007 340 CICERO

285 397 445 469 Torquato.
490 399 551 458 Sed
562 386 668 457 omnes
681 362 885 472 absolventur,
896 422 954 460 nec
965 403 1091 475 posthac
1102 409 1182 475 quis-

285 532 376 583 quam
389 513 592 584 damnabitur,
607 518 665 572 nisi
679 519 731 586 qui
745 514 901 573 hominem
915 517 1067 574 occiderit.
1113 519 1183 575 Hoc

286 610 391 684 tamen
405 633 506 698 agitur
516 633 659 700 severiuS,
668 633 772 700 itaque
786 629 897 687 indicia
912 630 1020 688 calent.
1057 631 1099 688 M.
1114 631 1182 688 Ful-

286 744 352 797 vius
369 741 507 799 Nobilior
521 742 740 800 condemnatus
758 751 823 810 est;
844 743 933 801 multi
950 744 1001 800 alii
1018 744 1126 801 urbani
1143 764 1182 801 ne
1249 820 1250 829 ἵ

285 855 474 926 respondent
487 856 619 928 quidem.

284 956 287 959 Δ
329 966 412 1040 Quid
426 969 509 1028 aliud
523 972 615 1028 novi?
656 970 766 1028 Etiam.
808 970 1107 1043 AbsolutoGabinio
1122 979 1183 1028 sto-

286 1083 463 1142 machantes
474 1085 525 1142 alii
536 1084 651 1143 iudices
661 1084 735 1142 hora
745 1091 814 1156 post
823 1084 1010 1142 Antiochum
1020 1085 1184 1143 Gabinium

286 1200 495 1269 nescioquem
515 1218 531 1256 e
547 1197 697 1271 Sopolidis
719 1199 885 1270 pictoribus
904 1199 1059 1270 libertum,
1076 1218 1184 1256 aecen-

287 1330 354 1368 sum
370 1311 490 1383 Gabini,
501 1313 571 1383 lege
588 1312 680 1384 Papia
695 1312 944 1370 condemnarunt.
983 1282 1091 1383 Itaqire
1106 1312 1186 1370 dixit

288 1428 392 1482 statim
409 1444 486 1497 resp.
504 1425 575 1497 lege
595 1430 761 1484 maiestatis
781 1424 1185 1489 ΟΥΣΟΙΜΡΙΣΑΜΑΦΙΗΙ.

289 1536 470 1610 Pomptinus
481 1541 548 1598 vult
566 1561 591 1598 a.
609 1540 638 1598 d.
655 1560 700 1597 1111
715 1540 794 1597 Non.
811 1540 973 1597 Novembr.
987 1539 1184 1611 triumphare.
1249 1532 1250 1538 ἵ

289 1653 372 1710 Huic
383 1654 503 1710 obviam
514 1654 589 1712 Cato
601 1661 634 1711 et
648 1634 792 1723 Servilius
806 1660 961 1725 praetores
971 1652 1011 1709 ad
1022 1659 1143 1723 portam
1155 1661 1188 1711 et
1249 1660 1250 1689 ³

288 1765 325 1838 Q.
341 1767 460 1824 Mucius
471 1768 618 1825 tribunus,
662 1768 787 1839 Negant
797 1770 879 1824 enim
889 1767 986 1823 latum
997 1766 1036 1823 de
1048 1770 1187 1838 imperio,

288 1889 321 1940 et
332 1889 380 1939 est
392 1883 489 1940 latum
503 1881 627 1939 hercule
638 1880 759 1939 insulse.
798 1880 860 1939 Sed
872 1884 931 1938 erit
942 1899 1011 1936 cum
1024 1878 1188 1952 Pomptino
1249 1960 1250 1967 ἵ

288 1996 405 2067 Appius
427 1996 538 2053 consul.
584 1996 659 2053 Cato
678 2002 783 2052 tamen
801 1993 942 2050 adfirmat
960 2012 993 2051 se
1012 1996 1080 2049 vivo
1100 1994 1188 2052 illum
1249 2000 1250 2011 ¹

287 2130 350 2168 non
364 2110 628 2183 triumphaturum.
674 2108 711 2166 Id
727 2128 784 2179 ego
798 2114 874 2180 puto
888 2114 924 2164 ut
937 2106 1034 2164 multa
1048 2108 1189 2166 eiusdem

287 2225 326 2282 ad
340 2224 417 2282 nihil
432 2243 611 2282 recasurum.
650 2222 767 2293 Appius
782 2225 847 2279 sine
862 2220 932 2292 lege
947 2239 1001 2277 suo
1015 2227 1140 2291 sumptu
1156 2225 1189 2278 in

287 2338 422 2396 Ciliciam
436 2342 558 2408 cogitat.

330 2453 358 2510 A
374 2451 491 2537 Quinto
505 2451 599 2509 fratre
614 2458 648 2508 et
661 2470 679 2507 a
693 2449 820 2507 Caesare
834 2451 977 2519 accepia.
992 2447 1020 2504 d.
1037 2466 1102 2504 vuu
1119 2447 1187 2506 Kal.

288 2569 363 2626 Nov.
391 2568 509 2625 litteras
531 2566 617 2624 datas
641 2585 659 2622 a
681 2563 820 2622 litoribus
846 2561 1020 2619 Britanniae
1043 2566 1189 2632 proximis

287 2703 312 2740 a.
332 2682 361 2739 d.
382 2700 412 2739 vr
429 2680 494 2738 Kal.
517 2679 641 2739 Octobr.
686 2675 832 2735 Confecta
851 2674 1017 2745 Britannia,
1032 2675 1190 2733 obsidibus

287 2800 430 2879 acceptis,
441 2794 526 2853 nulla
539 2793 661 2866 praeda,
676 2796 824 2863 imperata
838 2797 943 2847 tamen
956 2793 1086 2860 pecunia
1101 2809 1190 2848 exer-

288 2916 383 2969 citum
395 2930 433 2967 ex
445 2909 601 2967 Britannia
611 2905 815 2977 reportabant.
848 2901 885 2974 Q.
898 2902 991 2959 Pilius
999 2908 1066 2959 erat
1076 2906 1138 2959 iam
1149 2903 1190 2962 ad

289 3027 447 3085 Caesarem
462 3021 624 3095 profectur.
662 3019 719 3091 Tu,
731 3023 756 3077 si
770 3025 823 3076 aut
837 3036 921 3075 amor
935 3021 968 3074 in
981 3023 1014 3074 te
1030 3022 1077 3074 est
1091 3022 1191 3075 nostri
1247 3028 1248 3031 ’

288 3155 323 3193 ac
342 3143 464 3192 tuorum
484 3139 538 3189 aut
556 3130 619 3188 ulla
633 3133 753 3199 veritaS,
770 3134 823 3185 aut
838 3130 932 3184 etiam
946 3129 968 3182 si
984 3128 1064 3197 sapis
1077 3143 1113 3181 ac
1128 3123 1191 3183 frui

373 3235 433 3286 330
