2512 3958
430 439 600 517 Marcus
621 442 804 517 Turnus
826 414 986 514 cronno

298 577 432 636 Primum
451 579 508 636 tibi
522 579 562 637 de
581 586 685 636 nostro
704 583 800 637 amico
820 577 967 649 placando
987 583 1040 633 aut
1060 578 1153 633 etiam

255 677 346 751 plane
357 677 547 737 restituendo
557 678 709 749 polliceor.
724 677 814 749 Quod
826 696 883 747 ego
896 681 953 734 etsi
965 695 1033 733 mea
1044 681 1153 746 sponte

256 786 329 836 ante
346 778 504 848 faciebam,
520 798 556 835 eo
571 799 652 836 nunc
672 786 777 836 tamen
792 785 824 835 et
843 796 932 848 agam
946 776 1107 834 studiosius
1122 782 1155 832 et

258 877 442 936 contendam
455 879 494 935 ab
508 878 561 935 illo
573 878 793 948 vehementius
805 877 887 948 quod
901 883 1022 934 tantum
1038 895 1075 933 ex
1091 878 1155 945 epi·

258 977 337 1035 stula
348 978 536 1035 voluntatem
548 983 612 1036 eius
623 983 667 1036 rei
678 987 762 1036 tuam
774 981 945 1050 perspicere
954 975 1066 1033 videor.
1084 976 1154 1032 Hoc

258 1086 291 1136 te
311 1078 492 1149 intellegere
508 1078 584 1149 volu,
600 1084 787 1151 pergraviter
804 1078 891 1136 illum
911 1097 977 1137 esse
992 1075 1155 1144 offensum;

259 1179 323 1250 sed,
332 1183 403 1251 quia
413 1180 528 1238 nullam
539 1167 627 1239 rideo
637 1200 762 1251 gravem
773 1180 894 1239 subesse
906 1198 1035 1250 causam,
1044 1196 1156 1248 magno
1254 1194 1255 1199 ¹

243 1300 352 1353 opere
366 1281 484 1339 confido
503 1281 589 1339 illum
609 1280 674 1338 fore
693 1286 726 1339 in
746 1281 841 1339 officio
855 1288 888 1339 et
902 1285 934 1338 in
949 1287 1052 1338 nostra
1069 1287 1156 1352 pote-

260 1387 347 1438 state.

303 1475 396 1545 Signa
410 1483 512 1533 nostra
527 1483 559 1533 et
577 1475 799 1546 Hermeraclas
814 1483 850 1533 ut
864 1477 977 1546 scribis
992 1495 1062 1533 cum
1076 1493 1156 1531 com·

261 1574 434 1633 modissime
453 1579 576 1646 poteris,
597 1575 688 1633 velim
707 1579 853 1647 imponas,
874 1583 907 1633 et
926 1579 951 1632 si
971 1574 1052 1645 quod
1074 1572 1157 1630 aliud
1254 1576 1255 1621 ἱ

263 1672 366 1732 οἰκεῖον
395 1678 459 1732 eius
487 1674 555 1745 loci,
585 1694 676 1745 quem
705 1695 767 1732 non
795 1678 1095 1745 ignoras-reperies,
1125 1679 1158 1730 et
1254 1680 1255 1711 r

262 1778 392 1832 maxime
407 1793 484 1844 quae
498 1775 555 1831 tibi
569 1774 736 1845 palaestrae
750 1779 959 1846 gymnasiique
975 1772 1159 1830 videbuntur

263 1892 336 1931 esse.
354 1873 478 1930 Etenim
492 1872 534 1930 ibi
546 1873 655 1931 sedens
670 1873 745 1931 haec
759 1874 799 1931 ad
818 1882 851 1931 te
866 1874 1043 1943 scribebam,
1058 1879 1094 1930 ut
1107 1890 1157 1929 me

262 1972 346 2029 locus
367 1976 431 2043 ipse
453 1972 639 2030 admoneret.
664 1972 824 2031 Praeterea
849 1980 937 2044 typos
958 1972 1015 2029 tibi
1037 1971 1158 2042 mando,
1248 2032 1255 2042 .

264 2075 385 2141 quasin
401 2073 530 2128 tectorio
544 2070 643 2127 atrioli
662 2076 773 2142 possim
793 2070 959 2142 includere,
974 2078 1007 2128 et
1026 2070 1159 2142 putealia

263 2171 394 2242 sigillata
408 2172 476 2229 duo.
495 2171 715 2230 Bibliothecam
734 2180 819 2230 tuam
839 2191 911 2229 cave
931 2176 1072 2243 cuiquam
1091 2166 1158 2229 des·
1254 2220 1255 2253 ἦ

264 2272 407 2344 pondeas,
430 2276 565 2343 quamvis
588 2292 688 2331 acrem
711 2280 877 2331 amatorem
899 2276 1065 2342 inveneris3
1088 2292 1160 2329 nam

265 2389 323 2441 ego
347 2389 452 2427 omnes
476 2390 559 2429 meas
584 2370 781 2428 vindemiolas
806 2391 843 2430 eo
868 2391 997 2442 reservo,
1023 2380 1058 2430 ut
1083 2370 1159 2429 illud

265 2470 430 2527 subsidium
445 2474 596 2528 senectuti
610 2490 722 2541 parem.

307 2568 356 2625 De
376 2567 469 2626 fratre
484 2569 602 2626 conlido
616 2574 659 2627 ita
673 2589 749 2640 esse,
763 2579 799 2628 ut
818 2591 938 2643 semper
952 2572 1032 2629 volui
1047 2579 1080 2628 et
1099 2571 1159 2628 ela-

265 2670 374 2727 boravi.
403 2668 503 2727 Multa
527 2674 613 2740 signa
638 2679 710 2728 sunt
735 2675 799 2728 eius
824 2676 878 2741 rei,
904 2692 966 2729 non
991 2675 1159 2742 minimum,

265 2769 347 2842 quod
367 2788 448 2826 soror
467 2789 637 2841 praegnans
654 2779 712 2828 est.
739 2770 787 2830 De
808 2776 936 2829 comitiis
956 2776 1031 2830 meis
1052 2779 1084 2829 et
1104 2772 1160 2829 tibi

266 2891 315 2928 me
335 2873 505 2941 permisisse
519 2875 654 2941 memini,
670 2879 703 2928 et
723 2891 780 2942 ego
800 2871 992 2944 iampridem
1009 2872 1066 2929 hoc
1081 2892 1161 2930 com-

267 2958 408 3015 munibus
427 2962 540 3029 amicis,
555 2964 607 3031 qui
626 2967 659 3018 te
679 2968 867 3031 exspectant,
882 2961 1080 3032 praedicate
1100 2980 1162 3018 non

267 3046 357 3104 modo
365 3066 428 3103 non
435 3051 544 3105 arcessi
555 3068 573 3104 a
583 3068 643 3118 me,
655 3048 709 3106 sed
720 3049 882 3119 prohiberi,
892 3050 974 3120 quod
984 3050 1162 3121 intellegam

268 3134 364 3193 multo
383 3140 479 3204 magis
499 3140 646 3194 interesse
666 3145 719 3194 tua
738 3146 771 3195 te
791 3156 892 3208 agere,
907 3138 988 3209 quod
1007 3138 1162 3210 agendum

267 3231 315 3281 est
348 3222 405 3280 hoc
436 3230 584 3296 tempore,
613 3244 703 3295 quam
731 3245 800 3283 mea
827 3233 859 3284 te
888 3226 993 3285 adesse
1022 3231 1159 3285 comitiis.
1251 3236 1255 3264 ⁴

269 3310 399 3370 Proinde
419 3316 630 3371 coanimata
650 3314 742 3372 velim
762 3334 837 3387 esse,
857 3319 942 3386 quasi
962 3320 1024 3375 mei
1044 3318 1161 3386 negotii

352 3402 391 3453 24
