2512 3958
450 221 620 285 MARCUS
642 219 823 283 TULLIUS
845 219 996 284 CICERO

276 348 379 419 peium
400 342 572 417 postillam
594 347 777 414 contionem,
795 347 827 400 in
848 362 908 414 qua
928 343 967 400 ab
990 361 1027 401 eo
1049 349 1166 401 senatus
1218 330 1220 339 ¹

277 439 417 498 laudatus
432 446 488 510 est,
504 438 602 498 odisse
617 442 759 512 coeperit.
805 437 913 510 Itaque
927 441 1037 496 mirum
1057 442 1089 495 in
1107 456 1166 496 mo·

278 536 351 594 dum
369 554 473 593 omnes
492 555 510 592 a
529 555 561 594 se
583 536 677 592 bonos
698 534 848 592 alienavit.
894 534 1003 605 Neque
1024 533 1056 591 id
1077 537 1168 604 magis
1216 518 1222 605 l

278 635 410 689 amicitia
425 630 511 689 Clodi
522 630 671 688 adductus
682 629 756 687 fecit
770 650 861 701 quam
871 629 972 687 studio
986 629 1169 701 perditarum
1216 610 1234 709 λ

221 738 225 746 ’
278 747 380 785 rerum
404 735 496 798 atque
521 731 660 798 partium.
705 725 767 784 Sed
796 725 889 783 habet
913 729 959 783 sui
988 725 1116 783 similem
1139 729 1170 782 in
1217 775 1226 829 ι

278 824 503 893 magistratibus
524 830 645 894 praeter
660 822 778 879 Fufium
797 825 958 879 neminem.
1004 821 1095 878 Bonis
1113 825 1170 879 uti-

279 939 346 976 mur
360 919 489 976 tribunis
504 919 556 990 pl.‚
572 919 704 975 Cornuto
719 937 790 974 vero
811 916 1045 975 Pseudocatone.
1091 915 1171 988 Quid

202 1066 205 1072 .
280 1015 420 1085 quaeris?

279 1108 305 1145 '⁷
321 1111 411 1169 Nunc
431 1118 466 1167 ut
483 1109 522 1167 ad
543 1114 660 1181 privata
676 1108 809 1180 redeam,
825 1108 942 1180 Τεῦκρις
959 1113 1104 1180 promissa
1121 1128 1171 1180 pa-

279 1210 378 1263 travit.
423 1204 469 1262 Tu
483 1204 626 1262 mandata
641 1205 734 1275 effice,
750 1224 827 1275 quae
847 1208 996 1275 recepisti.
1042 1202 1173 1275 Quintus
1223 1262 1228 1289 Ι

279 1301 382 1371 frater,
405 1304 457 1371 qui
478 1292 655 1370 Argiletani
670 1299 799 1357 aedificii
823 1300 974 1371 reliquum
995 1299 1174 1357 dodrantem

280 1400 356 1453 emit
371 1396 426 1455 HS
442 1397 590 1466 BEOEW,
600 1394 804 1453 Tusculanum
815 1394 963 1466 venditat,
973 1403 1017 1467 ut,
1033 1400 1058 1452 si
1072 1399 1175 1466 possit,
1225 1380 1234 1469 l

281 1500 363 1550 emat
379 1491 560 1549 Pacilianam
575 1490 706 1549 domum.
752 1491 828 1549 Cum
849 1490 980 1548 Lucceio
997 1496 1030 1548 in
1048 1495 1176 1562 gratiam
1225 1514 1229 1545 a

280 1587 364 1645 redii.
390 1586 487 1645 Video
502 1586 657 1644 hominem
671 1586 759 1644 valde
774 1591 942 1658 petiturirc.
967 1587 1091 1645 Navabo
1106 1606 1176 1658 ope·
1226 1628 1234 1707 ι

281 1703 352 1743 ram.
390 1682 437 1740 Tu
453 1682 526 1754 quid
540 1702 620 1753 agas,
633 1683 685 1739 ubi
700 1687 748 1753 sis,
761 1682 938 1740 cuiusmodi
952 1687 1028 1741 isiae
1042 1701 1091 1740 res
1105 1687 1176 1753 sint,

281 1779 328 1836 fac
343 1798 393 1837 me
408 1798 498 1849 quam
513 1777 745 1857 diligentissime
761 1781 929 1835 certiorem.
969 1777 1073 1836 Idibus
1089 1778 1175 1836 Febr.
1229 1808 1231 1837 ;

1228 1890 1232 1921 Ι

696 2097 754 2154 XV

582 2217 686 2255 c1cua0
700 2217 807 2255 iunco
822 2219 879 2257 sni.
1234 2276 1235 2281 ἵ

71 2284 130 2341 Scr-
147 2284 254 2341 Rfflmle
325 2296 428 2352 Asiam
449 2293 576 2366 Quinto,
591 2298 764 2352 suavissimo
782 2294 877 2366 fratri,
893 2296 1037 2366 obtigisse
1057 2295 1180 2354 audisti.
1235 2278 1240 2361 l

74 2367 117 2424 Id·
135 2366 225 2424 Man·
239 2386 267 2424 α·
284 2392 354 2449 Non
369 2395 451 2448 euim
466 2389 583 2461 dubito,
598 2394 672 2461 quin
687 2390 815 2448 celerius
829 2392 886 2448 tibi
901 2391 959 2448 hoc
974 2412 1075 2448 rumor
1090 2412 1183 2462 quam
1239 2414 1241 2461 ς

33 2471 36 2474 ⁴
72 2451 133 2507 693
284 2486 374 2545 ullius
389 2494 526 2543 nostrum
539 2486 661 2543 litterae
673 2490 851 2544 nuntiarint.
883 2487 982 2558 Nunc,
995 2492 1185 2557 quoniamet
1240 2464 1243 2525 l

283 2582 380 2640 laudis
402 2581 565 2640 avidissimi
586 2602 706 2653 semper
731 2582 842 2640 fuimus
864 2590 897 2640 et
921 2590 1042 2654 praeter
1063 2591 1185 2641 ceteros

285 2676 463 2749 φιλέλληνες
484 2685 516 2737 et
537 2697 639 2735 sumus
661 2685 694 2737 et
711 2676 859 2735 habemur
876 2686 909 2738 et
931 2678 1095 2736 multorum
1114 2679 1187 2738 odia

284 2782 377 2846 atque
410 2777 581 2832 inimicitias
614 2777 660 2831 rei
694 2772 834 2844 publicae
866 2793 954 2832 causa
986 2779 1187 2846 suscepimus,

284 2867 421 2938 παντοίης
454 2868 557 2941 ἀρετῆς
585 2868 744 2940 μιμνήσκεο
775 2889 916 2941 curaque,
945 2871 1038 2941 effice,
1070 2878 1106 2928 ut
1146 2872 1189 2929 ab
1242 2844 1243 2877 l

285 2966 424 3023 omnibus
450 2972 482 3022 et
506 2963 665 3022 laudemur
691 2972 723 3022 et
748 2985 891 3022 amemur.
910 2992 918 3005 ι
937 2966 996 3023 His
1024 2965 1064 3024 de
1092 2966 1189 3026 rebus

285 3062 371 3133 plura
385 3059 425 3116 ad
444 3068 476 3117 te
491 3064 523 3116 in
538 3079 575 3117 ea
590 3061 719 3131 epistula
734 3061 871 3131 scribam,
887 3081 977 3131 quam
991 3066 1048 3133 ipsi
1066 3061 1189 3134 Quinto

368 3154 408 3216 46
