2484 3854
345 254 349 261 '
402 275 572 337 niueos
593 275 776 336 nunnus
797 276 948 335 c1cnao

226 398 359 456 vulneris
369 397 484 455 factum
495 401 545 469 sit,
555 397 633 455 illud
644 398 780 469 quidem,
792 398 874 469 quod
888 406 963 468 erat,
975 418 1027 457 eos
1039 406 1123 456 certe

227 514 332 552 sanare
346 498 488 566 potuisse.
529 494 590 552 Sed
605 494 730 553 huiusce
744 498 789 552 rei
803 499 898 552 totius
911 499 1029 566 vitium,
1040 494 1123 566 quod

226 594 382 666 aliquanto
396 598 489 651 etiam
503 594 593 652 latius
607 602 704 666 patet,
718 615 809 666 quam
824 595 953 666 videtur,
969 600 1123 673 praesenti

227 693 484 751 tibicommodius
498 714 655 766 exponam.
700 693 749 751 De
764 698 800 752 iis
813 694 934 766 litteris,
946 715 1020 766 quas
1034 695 1074 753 ad
1088 702 1121 753 be
1150 703 1154 710 “

227 793 440 851 Thessalonica
453 798 545 864 misit,
561 794 647 852 etde
661 794 858 865 sermonibus,
873 815 948 866 quos
962 796 1001 853 ab
1020 794 1072 853 illo
1090 802 1124 852 et

231 895 342 952 Romae
356 894 437 965 apud
457 899 569 952 amicos
583 902 651 952 tuos
666 902 700 952 et
713 898 746 951 in
760 899 871 952 itinere
890 894 1009 953 habitos
1023 902 1122 967 putas,

228 994 338 1066 ecquid
358 1001 479 1052 tantum
500 1014 607 1052 causae
628 999 677 1065 sit,
693 998 808 1065 ignoro,
823 995 878 1052 sed
899 999 996 1052 omnis
1017 999 1050 1052 in
1070 1003 1124 1053 tua

227 1099 324 1165 posita
339 1102 387 1151 est
400 1093 590 1151 humanitate
604 1094 680 1150 mihi
700 1113 768 1166 spes
790 1093 879 1152 huius
896 1093 1042 1152 levandae
1060 1115 1124 1152 mo-

226 1194 341 1251 lestiae.
386 1194 475 1264 Nam,
495 1198 520 1251 si
541 1198 584 1251 ita
606 1198 756 1265 statueris,
772 1202 806 1252 et
826 1195 987 1252 irritabiles
1007 1199 1123 1252 animos

228 1313 293 1351 esse
308 1297 491 1365 optimorum
502 1313 592 1365 saepe
607 1293 764 1351 hominum
776 1302 808 1351 et
824 1294 948 1352 eosdem
961 1292 1124 1365 placabiles

228 1402 260 1451 et
282 1412 347 1452 esse
368 1393 447 1450 hanc
466 1393 645 1463 agilitatem,
661 1402 696 1451 ut
718 1398 762 1451 ita
781 1394 888 1463 dicam,
904 1394 1123 1465 mollitiamque

227 1501 353 1551 naturae
374 1492 553 1564 plerumque
575 1494 719 1551 bonitatis
739 1502 781 1565 et,
796 1494 829 1551 id
849 1493 932 1565 quod
953 1502 1044 1566 caput
1065 1502 1123 1565 est,

227 1595 313 1651 nobis
328 1598 477 1651 internos
492 1601 594 1651 nostra
613 1599 676 1652 sive
691 1594 882 1652 incommoda
896 1599 958 1653 sive
973 1598 1046 1652 vitia
1061 1599 1123 1653 sive

226 1698 349 1751 iniurias
363 1713 428 1751 esse
443 1693 624 1764 tolerandas,
636 1693 725 1751 facile
740 1693 825 1764 haec,
840 1714 932 1765 quem
945 1694 985 1752 ad
999 1696 1123 1754 modum
1235 1750 1236 1763 ,

226 1810 323 1862 spero,
334 1790 570 1859 mitigabuntur;
592 1790 673 1860 quod
689 1809 747 1860 ego
757 1798 793 1847 ut
807 1789 898 1848 facias
912 1798 945 1848 te
959 1811 1019 1848 oro.
1044 1792 1124 1850 Nam

225 1885 265 1943 ad
275 1906 335 1956 me,
347 1890 398 1956 qui
413 1893 446 1943 te
457 1889 546 1943 unice
557 1885 804 1955 diligo,«maxime
818 1890 954 1957 pertinet
967 1891 1123 1945 neminem

226 2001 292 2040 esse
315 2001 460 2051 meorum,
475 1984 528 2052 qui
549 1989 602 2038 aut
623 1989 656 2038 te
678 2001 740 2040 non
759 1989 843 2039 amet
863 1990 917 2039 aut
936 1982 990 2040 abs
1008 1990 1041 2040 te
1061 2002 1123 2040 non

225 2086 351 2135 ametur.

269 2173 326 2230 Illa
347 2192 416 2244 pars
440 2172 589 2244 epistulae
614 2180 686 2230 tuae
711 2176 836 2230 minime
861 2172 920 2230 suit
945 2163 1123 2245 necessaria,

226 2274 258 2326 in
273 2288 332 2341 qua
346 2273 480 2340 exponis,
496 2288 569 2339 quas
584 2267 744 2326 facultates
758 2277 812 2327 aut
828 2269 1056 2341 provincialium
1070 2279 1124 2329 aut

226 2364 408 2422 urbanorum
426 2364 651 2421 commodorum
672 2372 705 2422 et
725 2364 791 2421 aliis
810 2365 997 2436 temporibus
1018 2373 1051 2422 et
1072 2386 1123 2424 me

226 2464 291 2532 ipso
305 2458 428 2516 consule
443 2463 688 2530 praetermiseris.
713 2459 791 2517 Mihi
806 2464 888 2518 enim
902 2468 1061 2532 perspecta
1075 2470 1123 2519 est

227 2564 259 2614 et
282 2559 455 2626 ingenuitas
478 2563 511 2612 et
533 2553 712 2625 magnitudo
735 2559 827 2612 animi
850 2560 911 2624 tui3
941 2575 1041 2627 neque
1065 2576 1123 2628 ego

226 2656 307 2709 inter
321 2671 370 2708 me
384 2658 476 2721 atque
491 2658 524 2708 te
538 2655 699 2722 quicquam
719 2655 867 2709 interesse
886 2671 1029 2723 umquam
1049 2652 1122 2710 duxi

218 2754 347 2819 praeter
361 2745 549 2804 voluntatem
563 2749 721 2803 institutae
733 2750 823 2816 vitae,
838 2746 919 2816 quod
933 2767 983 2805 me
997 2748 1123 2805 ambitio

225 2842 374 2914 quaedam
388 2841 427 2898 ad
442 2842 590 2899 honorum
605 2842 748 2911 studium,
761 2850 793 2899 te
807 2850 910 2899 autem
925 2841 983 2899 alia
997 2848 1122 2902 minime

224 2937 478 3010 reprehendenda
492 2941 568 2994 ratio
582 2937 622 2994 ad
636 2937 798 2995 honestum
813 2942 909 2995 otium
923 2938 1018 3023 duxit.
1043 2939 1123 2997 Vera

224 3034 348 3107 quidem
362 3032 453 3090 laude
467 3032 637 3104 probitatis,
652 3033 840 3104 diligentiae,
852 3033 1006 3104 religionis
1021 3055 1121 3107 neque

224 3151 274 3189 me
288 3131 344 3188 tibi
360 3149 460 3200 neque
472 3148 655 3199 quemquam
669 3137 832 3200 antepono,
844 3134 953 3187 amoris
965 3150 1036 3188 vero
1050 3151 1124 3203 erga

308 3212 347 3273 68
