2494 3854
455 314 625 373 Murcus
647 313 829 374 Tuumus
852 313 1001 374 ercueo
1054 292 1058 297 ’

279 436 419 495 redditae
433 445 505 495 sunt
519 441 584 495 sine
599 456 677 508 mea,
688 444 755 495 tum
769 418 913 496 videlieet
927 437 1023 509 datas,
1034 457 1105 496 eum
1118 458 1171 510 ego

279 552 329 590 me
349 552 411 589 non
430 532 511 591 belle
526 533 679 591 haberem.
725 534 803 591 Nam
820 533 903 590 illam
920 533 1039 604 vopalar
1055 523 1170 605 οἷργίοίς1

280 632 506 686 excusationem
526 648 565 686 ne
586 633 746 701 acceperis.
792 630 878 700 Cura,
899 637 934 687 ut
953 634 1055 686 omnia
1075 634 1170 700 seiam,

280 724 335 782 sed
349 729 480 782 maxime
495 732 531 782 ut
545 725 652 783 valeas.

633 976 636 983 ’
699 974 762 1033 XII

586 1090 690 1128 ercurio
705 1089 810 1128 runco
825 1090 883 1128 san.

70 1167 128 1224 Ser.
140 1167 169 1224 in
180 1167 269 1225 medio
323 1167 491 1237 Negotium
510 1186 655 1237 magnum
678 1174 726 1225 est
748 1170 890 1238 navigare
910 1174 1003 1238 atque
1021 1167 1053 1225 id
1072 1187 1174 1226 mense

69 1251 141 1345 mat}
150 1250 219 1308 med·
232 1273 267 1308 m·
282 1260 439 1335 Quinctili.
485 1262 579 1321 Sexto
593 1262 644 1320 die
662 1262 776 1320 Delum
791 1261 923 1320 Athenis
937 1267 1083 1321 venimus.
1127 1262 1173 1320 Pr.

69 1334 162 1400 Quml·
174 1354 200 1391 a·
210 1336 270 1393 703
282 1359 386 1416 Nonas
401 1356 573 1429 Quinctiles
587 1378 605 1415 a
621 1358 725 1416 Piraeo
739 1359 778 1417 ad
793 1359 916 1417 Zostera
926 1366 1019 1417 vento
1033 1358 1176 1428 molesto;

282 1456 333 1525 qu'i
347 1473 402 1511 nos
416 1453 530 1511 ibidem
545 1453 642 1512 Nonis
655 1457 764 1512 tenuit.
808 1453 893 1512 Ante
907 1473 960 1512 vm
976 1453 1049 1512 Idus
1061 1454 1101 1511 ad
1115 1455 1177 1512 Ceo

281 1548 429 1618 iucunde3
443 1549 515 1606 inde
526 1550 661 1620 Gyarum
669 1569 758 1608 saevo
767 1557 869 1620 vento,
879 1570 941 1607 non
949 1550 1091 1619 advers03
1103 1549 1177 1608 hinc

281 1645 400 1717 Syrum,
415 1646 488 1704 inde
509 1644 632 1717 Delum,
647 1653 776 1717 utroque
796 1649 894 1717 eitius,
909 1665 1000 1717 quam
1019 1646 1178 1718 vellemus,

253 1735 256 1739 ’
281 1761 402 1800 cursum
412 1740 606 1799 confecimus.
638 1741 719 1798 Nam
729 1740 965 1813 nostiaphracta
975 1741 1179 1813 Rhodiorum3
1236 1792 1237 1823 a

281 1837 367 1909 nihil,
383 1837 465 1908 quod
479 1841 579 1895 minus
593 1836 718 1895 fluctum
732 1836 812 1895 ferre
832 1841 935 1908 possit.
981 1837 1090 1909 Itaque
1111 1847 1180 1898 erat

280 1937 314 1989 in
335 1937 448 1990 animo.
459 1931 536 1989 nihil
556 1931 701 1990 festinare
721 1951 779 1990 nee
798 1952 848 1991 me
872 1933 952 1991 Delo
970 1953 1103 2006 movere,
1119 1939 1180 1993 nisi

280 2033 382 2086 omnia
396 2027 561 2100 ἀκρωτήρια
576 2026 688 2099 Γυρέων
702 2028 852 2086 vidissem.

288 2134 292 2143 ⁴
323 2126 372 2183 De
387 2124 529 2185 Messalla
543 2123 583 2181 ad
593 2130 636 2194 te,
648 2128 751 2181 statim
766 2132 802 2182 ut
815 2125 927 2193 audivi,
936 2125 975 2183 de
992 2126 1093 2196 Gyaro
1105 2125 1181 2186 dedi

279 2221 397 2279 litteras
417 2220 524 2278 et-id
545 2224 643 2291 ipsum
664 2219 822 2278 eonsilium
844 2225 1119 2280 nostrum—etiam
1141 2224 1182 2291 ad
1235 2238 1236 2245 ’

265 2323 268 2327 ’
281 2317 492 2387 Hortensium,
499 2319 547 2373 eui
556 2315 681 2386 quidem
686 2314 774 2373 valde
783 2315 975 2386 συνηγωνίων.
988 2316 1050 2375 Sed
1058 2325 1132 2378 tuas
1141 2320 1181 2379 de

280 2417 345 2470 eius
359 2411 463 2469 iudicii
477 2397 664 2469 sermonibus
676 2418 709 2468 et
722 2410 897 2469 mehercule
909 2416 991 2470 omni
1005 2412 1045 2470 de
1060 2419 1107 2472 rei
1123 2436 1180 2488 pu·

279 2509 376 2566 blieae
398 2515 480 2566 statu
501 2507 619 2565 litteras
641 2514 784 2578 exspecto
806 2507 1031 2579 πολιτικώτερον
1050 2511 1181 2581 quidem

279 2608 414 2675 scriptas,
424 2607 566 2675 quoniam
576 2621 660 2660 meos
671 2621 740 2659 eum
751 2601 945 2660 Thallumeto
956 2612 1061 2662 nostro
1069 2625 1181 2678 pervo-

279 2699 359 2757 lutas
381 2698 482 2770 libros,
503 2703 568 2757 eius
590 2697 683 2767 modi,
704 2702 837 2768 inquam,
857 2697 984 2769 litteras,
1005 2719 1044 2757 ex
1065 2703 1182 2772 quibus

279 2815 347 2866 ego,
362 2794 516 2866 nonquid
536 2793 589 2851 fiat
608 2781 693 2862 (nam
712 2792 743 2850 id
758 2794 806 2851 vel
826 2793 986 2866 Helonius,
1002 2801 1047 2853 vir
1060 2802 1181 2868 gravis-

220 2932 223 2937 >
278 2896 380 2963 simus,
395 2898 498 2962 potest
516 2890 644 2961 efficere,
660 2888 754 2946 eliens
769 2877 862 2961 tuus),
878 2890 933 2948 sed
947 2890 1021 2961 quid
1036 2892 1183 2952 futurum

272 2982 327 3059 sit,
343 2992 443 3071 sciam.
1234 3054 1235 3071 χ

319 3085 396 3142 Cum
409 3083 485 3142 haec
499 3081 594 3153 leges,
607 3080 785 3139 habebimus
795 3081 941 3140 consules.
980 3082 1094 3141 Omnia
1105 3104 1183 3156 per-

408 3179 524 3239 1νομαίων
536 3179 620 3239 ἀργίας
639 3177 748 3240 Tyrrellz
766 3194 897 3239 νομαναρια
909 3193 951 3226 me
963 3178 1040 3228 MSS.

361 3255 421 3316 366
