2526 3850
439 320 609 380 MARCUS
630 319 813 380 TULLIUS
834 318 985 379 CICERO

265 440 409 512 Pompeio
422 440 542 499 fuimus.
587 441 687 500 Multa
700 461 821 500 mecum
835 442 875 500 de
894 461 927 500 re
947 440 1069 513 publica
1087 459 1161 498 sane

263 551 321 607 sibi
343 549 515 621 displicens,
536 558 572 609 ut
592 551 774 621 loquebatur
793 538 849 619 (sic
872 557 920 608 est
943 553 1025 608 enim
1047 553 1080 606 in
1103 548 1161 606 hoc

263 657 386 716 homine
409 647 597 729 dicendum),
612 658 729 730 Syriam
743 677 899 730 spernens,
915 659 1096 729 Hispaniam
1118 661 1161 713 ia-

264 773 359 837 ctans,
373 766 424 824 hic
443 786 573 838 quoque,
589 775 623 825 ut
643 766 840 838 loquebatur3
862 774 904 838 et,
919 770 1034 838 opinor,
1050 783 1160 836 usque-

263 893 393 945 quaque,
408 875 447 933 de
465 875 523 932 hoc
537 895 607 932 cum
628 876 773 945 dicemus,
788 879 828 933 sit
849 874 907 933 hoc
928 878 1012 945 quasi
1035 871 1083 930 καὶ
1096 871 1159 930 τόδε

264 982 440 1041 Φωκυλίδου.
485 983 554 1041 Tibi
576 987 668 1041 etiam
692 987 804 1054 gratias
825 983 946 1053 agebat,
971 982 1053 1053 quod
1074 985 1161 1052 signa

264 1091 474 1162 componenda
487 1095 669 1162 suscepisses
680 1110 688 1159 ;
701 1093 734 1147 in
747 1111 803 1148 nos
817 1110 889 1148 vero
903 1093 1076 1148 suavissime
1090 1089 1160 1147 her-

264 1199 331 1256 cule
347 1206 394 1257 est
409 1200 526 1258 effusus.
572 1200 666 1256 Venit
680 1203 773 1257 etiam
790 1198 830 1256 ad
846 1219 896 1256 me
913 1203 944 1255 in
960 1198 1128 1256 Cumanum
1142 1216 1161 1254 a

263 1326 304 1365 se.
349 1307 433 1364 Nihil
448 1312 548 1364 minus
559 1306 638 1365 velle
649 1306 724 1365 mihi
736 1311 815 1364 visus
826 1313 875 1364 est
885 1325 976 1376 quam
988 1305 1162 1364 Messallam

264 1415 454 1473 consulatum
473 1422 588 1488 petere.
634 1415 682 1474 De
697 1435 757 1486 quo
774 1419 840 1486 ipso
854 1415 967 1485 siquid
987 1419 1054 1484 scis,
1069 1413 1162 1472 velim

263 1514 364 1581 scire.¹

306 1629 397 1702 Quod
412 1631 542 1690 Lucceio
553 1631 657 1690 scribis
671 1638 703 1688 te
718 1639 852 1689 nostram
866 1631 993 1702 gloriam
1007 1649 1161 1688 commen·

264 1740 416 1811 daturum,
437 1749 470 1799 et
483 1739 654 1798 aedificium
667 1747 806 1798 nostrum
820 1739 902 1810 quod
922 1740 1028 1796 crebro
1047 1742 1161 1810 invisis,

263 1856 392 1920 gratum.
438 1847 571 1920 Quintus
588 1848 683 1906 irater
699 1849 738 1907 ad
754 1868 804 1906 me
821 1852 941 1919 scripsit
958 1867 1000 1918 se,
1018 1852 1161 1918 quoniam
1186 1912 1188 1918 ¹
1259 1866 1260 1869 ¹

265 1957 442 2014 Ciceronem
459 1961 666 2015 suavissimum
683 1969 785 2014 tecum
802 1955 940 2027 haberes,
957 1955 996 2013 ad
1014 1963 1047 2014 te
1063 1955 1162 2014 Nonis

265 2064 353 2122 Maiis
379 2072 548 2123 venturum.
593 2066 660 2137 Ego
684 2085 734 2123 me
759 2065 798 2123 de
824 2064 959 2123 Cumano
983 2068 1063 2122 movi
1087 2072 1162 2123 ante

263 2174 346 2232 diem
363 2194 381 2232 v
397 2174 463 2231 Kal.
482 2173 584 2232 Maias.
630 2173 676 2231 Eo
696 2173 747 2232 die
768 2173 898 2245 Neapoli
919 2172 1000 2245 apud
1023 2173 1159 2232 Paetum.
1257 2242 1258 2259 ἶ

265 2282 348 2340 Ante
363 2283 445 2340 diem
461 2302 504 2339 1111
522 2282 588 2339 Kal.
606 2282 702 2340 Maias
716 2285 782 2339 iens
796 2286 829 2339 111
844 2281 1062 2353 Pompeianum
1079 2282 1161 2341 bene

263 2411 352 2449 mane
366 2390 442 2449 haec
456 2394 568 2462 scripsi.

699 2706 729 2766 X

556 2835 661 2874 CICERO
682 2835 789 2874 ATTICO
810 2834 869 2874 SAL·

51 2916 110 2978 Scr-
127 2917 155 2976 in
309 2926 442 2985 Puteolis
464 2945 593 2998 magnus
616 2933 664 2982 est
686 2944 788 2983 rumor
811 2922 1020 2981 Ptolomaeum
1043 2943 1110 2983 esse
1130 2929 1162 2982 in

54 3000 238 3144 ἓἭῖίΧ
266 3055 368 3107 regno.
414 3034 533 3106 Siquid
547 3033 642 3091 habes
656 3036 777 3103 certius,
793 3031 884 3090 velim
901 3034 986 3089 seire.
1031 3031 1099 3102 Ego
1112 3031 1162 3090 hic

53 3166 113 3227 699
265 3164 371 3217 pascor
389 3141 574 3200 bibliotheca
592 3141 702 3199 Fausti.
730 3124 887 3198 'Fortasse
906 3146 941 3198 tu
964 3140 1093 3211 putabas
1115 3139 1163 3197 his

349 3262 409 3331 296
