2498 3850
450 309 620 369 MARCUS
641 309 824 369 TULLIUS
846 307 996 368 CICERO

240 478 244 484 .
316 429 408 501 Quod
429 450 479 487 me
500 449 590 501 saepe
612 449 743 501 accusas,
764 451 818 488 cur
842 430 924 487 hunc
944 449 1047 487 meum
1069 437 1170 486 casum

274 533 339 583 tam
351 529 485 597 graviter
499 525 605 596 feram,
619 526 713 584 debes
728 520 980 598 ignoscet-eleum
993 529 1038 582 ita
1051 544 1101 582 me
1118 525 1170 582 ad-

273 620 390 678 flictum
403 621 516 693 videas,
530 629 566 679 ut
579 626 734 679 neminem
751 642 895 693 umquam
911 641 969 679 nec
985 619 1096 678 videris
1114 640 1171 677 nec

274 716 412 774 audieris.
451 717 540 789 Nam,
549 717 631 788 quod
642 706 746 775 scribis
757 726 790 775 te
802 717 907 775 audire
917 736 967 774 me
978 720 1071 774 etiam
1085 698 1170 802 nlen-

274 816 314 869 tis
336 832 436 870 errore
458 832 496 870 ex
518 812 622 870 dolore
643 813 741 885 adfici,
760 813 835 870 mihi
856 833 928 870 vero
945 832 1033 887 mens
1051 816 1171 883 integra

274 916 329 966 est.
375 909 478 980 Atque
490 913 608 966 utinam
618 917 683 966 tam
692 914 724 966 in
736 909 871 980 periculo
882 890 989 974 fiiisset
996 909 1006 992 ¹!
1022 927 1099 965 cum
1113 899 1171 979 ego

273 1008 320 1076 iis,
335 1005 443 1075 quibus
458 1024 558 1063 meam
572 1005 702 1062 salutem
717 994 900 1062 carissimam
914 1024 980 1062 esse
994 1004 1170 1075 arbitrabar,

273 1104 485 1158 inimicissimis
499 1101 772 1172 crudelissimisque
791 1094 862 1158 usus
882 1119 967 1168 sum3
989 1103 1051 1171 qui,
1068 1107 1104 1157 ut
1119 1120 1171 1158 me

272 1196 397 1267 paulum
410 1196 548 1254 inclinari
565 1201 674 1254 timore
695 1197 848 1267 viderunt,
857 1172 905 1283 bic
924 1195 1120 1267 impulemnt,
1135 1204 1172 1253 ut
1243 1198 1244 1265 J

272 1295 355 1348 omni
370 1312 424 1349 suo
437 1276 552 1350 scelere
570 1300 603 1349 et
621 1292 747 1363 perfidia
766 1282 966 1350 abuterentur
984 1291 1024 1349 ad
1043 1292 1171 1349 exitium

272 1407 383 1444 meum.
403 1368 410 1409 t
427 1387 528 1459 Nunc,
542 1392 685 1458 quoniam
699 1395 747 1445 est
761 1372 903 1459 Cyziculn
920 1388 1006 1444 nobis
1024 1387 1171 1458 eundum,

272 1503 333 1553 quo
347 1486 440 1540 rarius
455 1482 494 1540 ad
508 1503 558 1540 me
572 1483 694 1541 litterae
709 1483 912 1555 perferentur,
923 1483 981 1540 hoc
995 1483 1087 1541 velim
1101 1483 1170 1541 dili-

271 1582 395 1649 gentius
409 1582 520 1650 omnia,
534 1598 612 1649 quae
626 1583 741 1650 putaris
755 1599 805 1637 me
823 1583 898 1636 scire
916 1597 991 1649 opus
1009 1597 1085 1649 esse,
1100 1599 1169 1650 per-

272 1675 390 1733 scribas.
435 1673 586 1745 Quintum
602 1674 729 1733 fratrem
745 1695 848 1732 meum
865 1674 913 1731 fac
927 1674 1054 1746 diligas3
1075 1693 1170 1745 quem

272 1790 330 1841 ego
353 1774 445 1828 miser
469 1774 494 1827 si
518 1770 702 1828 incolumem
730 1770 878 1841 relinquo,
903 1790 965 1827 non
990 1790 1040 1828 me
1068 1778 1171 1829 totum

271 1870 385 1936 perisse
399 1866 574 1923 arbitrabor.

314 1960 506 2050 DatanNonis
521 1961 695 2020 Sextilibus.
709 1986 715 1993 ·
900 1975 904 1983 '

569 2241 673 2280 CICERO
688 2243 794 2281 ATTICO
808 2243 866 2281 SAL.
969 2239 972 2244 '
1188 2240 1193 2245 “
1241 2240 1244 2279 l

59 2320 118 2379 Sor.
139 2321 257 2384 Thessa.
313 2319 359 2375 Ex
373 2322 434 2376 tuis
453 2318 564 2376 litteris
578 2318 686 2390 plenus
701 2339 768 2394 sum
782 2310 1009 2391 exspectatione
1024 2318 1064 2377 de
1081 2320 1171 2380 Pom-

60 2404 165 2463 lom'coe
179 2408 248 2466 XII
270 2418 349 2486 peio‚
364 2414 509 2484 quidnam
523 2413 563 2472 de
582 2415 669 2472 nobis
683 2415 758 2474 velit
777 2423 831 2473 aut
850 2415 1000 2473 ostendat
1039 2416 1172 2475 Comitia
1243 2434 1244 2441 ¹

60 2487 98 2545 K·
115 2488 187 2548 sm·
205 2513 230 2550 α·
270 2513 353 2567 enim
368 2509 458 2567 credo
478 2529 543 2568 esse
563 2508 685 2580 habita3
708 2511 816 2580 quibus
835 2510 980 2568 absolutis
995 2513 1105 2569 scribis
1125 2510 1172 2570 illi

59 2572 120 2629 696
270 2604 417 2676 placuisse
437 2609 486 2676 agi
507 2605 547 2662 de
568 2606 663 2663 nobis
708 2606 740 2664 Si
759 2607 817 2664 tibi
836 2605 948 2663 stultus
968 2624 1034 2663 esse
1054 2607 1195 2679 videor,

270 2704 322 2771 qui
337 2719 467 2772 sperem,
478 2699 556 2757 facio
570 2708 626 2761 tuo
639 2705 731 2773 iussu,
743 2709 775 2759 et
790 2706 851 2759 scio
865 2709 898 2758 te
913 2721 963 2759 me
978 2704 1015 2759 iis
1030 2703 1172 2773 epistulis
1196 2768 1200 2773 ,
1215 2708 1219 2711 ’
1243 2706 1244 2711 ’

270 2800 370 2867 potius
396 2804 429 2854 et
449 2790 531 2853 meas
553 2816 622 2867 spes
647 2797 770 2854 solitum
793 2786 867 2855 esse‘
880 2800 1031 2854 remorari.
1078 2798 1172 2857 Nunc
1197 2854 1202 2862 ,

269 2891 361 2949 velim
382 2891 457 2948 mihi
479 2891 570 2962 plane
592 2893 768 2963 perscribas,
783 2891 857 2963 quid
878 2892 988 2950 videas.
1023 2892 1093 2951 Scio
1115 2915 1173 2953 nos

269 2990 379 3044 nostris
393 2985 497 3044 multis
516 2991 650 3058 peccatis
669 2991 701 3044 in
722 2987 801 3044 hanc
820 3007 997 3047 aerumnam
1016 2982 1170 3048 incidisse.

269 3082 314 3138 Ea
337 3086 362 3139 si
385 3086 436 3152 qui
461 3102 545 3140 casus
570 3082 670 3153 aliqua
695 3103 732 3140 ex
757 3091 844 3154 parte
869 3088 1044 3154 eorrexerit,
1067 3068 1176 3144 minus

267 3177 396 3235 moleste
411 3176 543 3235 feremus
557 3197 612 3235 nos
627 3182 734 3236 vixisse
750 3186 783 3236 et
797 3178 896 3237 adhuc
912 3183 1021 3237 vivere.

352 3267 413 3317 220
