2480 3862
437 296 607 356 MARCUS
628 293 811 356 TULLIUS
833 294 983 355 CICERO

262 403 1159 491 cohortes?SumptuiamneposevaditScaptius.“Volunt’'

262 520 372 586 inquit,
384 500 590 586 “principes’'
608 513 691 581 Scio;
702 533 773 570 nam
784 512 883 571 adme
895 512 1051 585 Ephesum
1063 535 1161 586 usque

264 617 415 668 venerunt
428 609 597 682 flentesque
613 613 751 681 equitum
765 608 880 667 scelera
895 617 927 667 et
941 613 1077 668 miserias
1092 631 1161 670 snas

263 707 450 764 detulerunt.
488 705 596 775 Itaque
612 708 715 762 statim
730 703 802 762 dedi
816 705 944 776 litteras,
956 712 991 762 ut
1005 725 1044 763 ex
1060 707 1161 779 Cypro

263 806 381 872 equites
406 809 478 858 ante
504 808 619 858 certam
642 800 724 858 diem
747 801 944 872 decederent,
967 802 1006 858 ob
1030 821 1161 873 eamque

262 918 392 967 causam,
417 904 484 954 tum
509 897 548 954 ob
571 904 687 954 ceteras
717 896 871 954 Salaminii
895 916 951 954 nos
979 901 1012 957 in
1040 898 1162 957 caelum

263 994 394 1051 decretis
409 997 469 1050 suis
484 992 680 1050 sustulerunt.
726 991 787 1050 Sed
804 995 863 1049 iam
880 991 954 1062 quid
975 1012 1051 1064 opus
1075 999 1162 1065 equi·

262 1090 348 1148 tatu?
370 1088 491 1146 solvunt
506 1091 588 1145 enim
604 1087 775 1155 Salaminii3
796 1091 855 1146 nisi
869 1086 948 1146 forte
967 1086 1001 1146 id
1021 1088 1162 1149 volumus
1236 1076 1237 1081 ἵ

262 1189 352 1242 armis
367 1185 494 1254 efficere,
510 1191 545 1240 ut
558 1182 665 1240 faenus
680 1186 835 1253 quaternis
850 1187 1023 1241 centesimis
1035 1185 1160 1245 ducant.

263 1281 305 1338 Et
327 1300 385 1352 ego
410 1280 529 1337 audebo
551 1278 655 1363 legere
680 1297 824 1349 umquam
848 1285 901 1336 aut
925 1283 1079 1350 attingere
1110 1301 1162 1341 eos
1236 1314 1237 1317 ¹

262 1377 364 1447 libros,
380 1395 454 1446 quos
469 1382 504 1431 tu
519 1372 666 1445 dilaudas,
682 1377 706 1431 si
721 1373 783 1432 tale
798 1374 871 1446 quid
886 1373 1006 1432 fecero?
1049 1375 1161 1449 Nimis,

262 1477 395 1543 inquam,
418 1475 452 1528 in
473 1475 532 1528 isto
556 1469 684 1528 Brutum
709 1474 826 1540 amasti,
850 1470 1023 1528 dulcissime
1041 1471 1161 1544 Attice,

262 1588 316 1625 nos
334 1586 439 1625 vereor
460 1586 501 1624 ne
526 1585 644 1649 parum.
685 1565 789 1636 Atque
814 1560 890 1624 haec
908 1570 1014 1637 scripsi
1037 1586 1097 1638 ego
1120 1569 1160 1627 ad

263 1664 392 1722 Brutum
406 1666 558 1733 scripsisse
573 1669 606 1718 te
618 1662 657 1719 ad
671 1681 729 1719 me.
775 1661 930 1732 Cognosce
944 1682 1026 1720 nunc
1045 1670 1158 1722 cetera.

305 1759 362 1817 Pro
376 1759 477 1830 Appio
491 1777 546 1816 nos
560 1757 611 1815 hic
625 1761 727 1814 omnia
743 1756 878 1828 facimus,
893 1756 1023 1816 honeste
1042 1765 1160 1832 tamen,
1232 1830 1233 1837 ἵ

262 1855 316 1912 sed
345 1854 435 1925 plane
464 1853 604 1910 libenter.
650 1853 717 1910 Nec
746 1856 828 1910 enim
856 1856 956 1937 ipsum
985 1853 1103 1940 odimus
1128 1864 1161 1913 et
1231 1910 1232 1915 ,

263 1950 392 2008 Brutum
405 1968 549 2018 amamuS,
566 1956 598 2006 et
614 1947 774 2020 Pompeius
789 1948 913 2006 mirifice
929 1970 947 2006 a
960 1969 1010 2007 me
1030 1958 1159 2009 conten-

261 2046 318 2117 dit,
333 2065 425 2116 quem
439 2044 615 2102 mehercule
630 2043 698 2115 plus
712 2044 840 2115 plusque
855 2048 888 2100 in
903 2043 968 2102 dies
983 2044 1086 2116 diligo.
1125 2048 1157 2106 C.

262 2141 397 2223 ¹Caelium
425 2147 616 2211 quaestorem
641 2138 701 2197 huc
730 2143 834 2197 venire
862 2140 982 2199 audisti.
1034 2140 1158 2214 Nesei0,

260 2237 334 2309 quid
345 2241 403 2294 sit:
424 2237 479 2294 sed
494 2235 668 2293 Pammenia
682 2234 734 2292 illa
747 2234 823 2292 mihi
837 2255 899 2293 non
913 2235 1044 2307 placent.
1091 2237 1159 2309 Ego

260 2353 310 2391 me
326 2352 414 2403 spero
434 2330 566 2389 Athenis
585 2330 650 2389 fore
670 2350 775 2388 mense
796 2330 977 2402 Septembri.
1021 2330 1158 2392 Tuorum

262 2433 407 2486 itinerum
421 2434 559 2498 tempora
580 2431 656 2484 scire
677 2445 749 2484 sane
764 2426 864 2484 velim.
909 2425 1051 2499 Εὗήθειαν
1071 2428 1158 2488 Sem·

260 2529 347 2596 proni
364 2523 429 2581 Rufi
445 2527 573 2594 cognovi
588 2542 626 2580 ex
641 2522 772 2593 epistula
786 2529 839 2579 tua
854 2522 1026 2594 Corcyraea.
1073 2523 1157 2596 Quid

260 2621 401 2691 quaeris?
424 2619 545 2676 invideo
561 2622 719 2690 potentiae
737 2618 862 2676 Vestori.

302 2716 468 2787 Cupiebam
491 2718 584 2773 etiam
610 2734 692 2771 nunc
720 2713 807 2785 plura
829 2718 953 2785 garrire,
977 2715 1033 2772 sed
1058 2715 1143 2774 lucet
1150 2737 1158 2786 ;

259 2819 350 2883 urget
368 2811 466 2880 turba,
483 2810 610 2868 festinat
631 2808 821 2880 Philogenes.
866 2808 988 2867 Valebis
1007 2814 1103 2881 igitur
1125 2820 1159 2871 et

259 2908 359 2965 valere
376 2906 482 2963 Piliam
498 2913 530 2964 et
545 2905 706 2963 Caeciliam
720 2912 855 2962 nostram
866 2905 983 2963 iubebis
997 2905 1111 2965 litteris
1126 2915 1158 2967 et

259 3003 387 3062 salvebis
399 3022 417 3059 a
430 3021 500 3059 meo
515 3001 668 3059 Cicerone.

345 3250 401 3303 452
