2526 3850
437 266 607 326 MARCUS
628 264 810 325 TULLIUS
832 263 982 323 CICERO

261 382 314 449 qui
334 380 456 435 comitia
475 380 508 434 in
526 376 694 434 adventum
714 375 847 433 Caesaris
866 372 1020 443 detrudat,
1041 372 1159 431 Catone

261 478 441 545 praesertim
455 473 601 532 absoluto.

142 567 186 618 ”h
199 574 222 615 1⁵
285 626 288 632 ,
304 568 468 627 Paccianae
486 568 633 640 epistulae
651 566 801 638 respondi.
846 566 936 623 Nunc
953 573 986 623 te
1006 565 1159 636 obiurgari

261 672 377 737 patere,
397 669 422 722 si
443 669 516 723 iure.
562 664 673 723 Scribis
695 667 777 721 enim
798 667 830 720 iu
852 682 888 720 ea
909 660 1048 733 epistula,
1066 680 1158 732 quam

262 760 293 819 C.
308 761 464 819 Decimius
478 759 554 817 mihi
568 757 703 817 reddidit
718 757 868 816 Buthroto
882 757 995 828 datam,
1006 761 1038 814 in
1052 756 1157 814 Asiam

261 858 318 915 tibi
333 856 468 914 eundum
483 875 548 914 esse
562 863 596 913 te
610 855 756 912 arbitrari.
799 853 877 911 Mihi
890 852 1065 911 mehercule
1080 852 1157 910 nihil

261 950 421 1010 videbatur
435 971 511 1022 esse,
522 955 555 1008 in
569 970 630 1022 quo
640 950 794 1008 tantulum
808 953 971 1007 interesset
985 957 1088 1007 utrum
1102 968 1158 1020 per

260 1055 468 1120 procuratores
482 1067 589 1118 ageres
602 1067 642 1103 an
656 1066 711 1117 per
721 1054 754 1104 te
765 1050 873 1117 ipsum,
882 1053 917 1103 ut
925 1066 943 1102 a
953 1033 1031 1103 tuis1
1043 1049 1157 1120 totiens

261 1151 372 1202 ettam
386 1144 478 1214 longe
492 1144 620 1201 abesses,
666 1142 727 1201 Sed
746 1141 822 1199 haec
841 1142 964 1199 mallem
983 1146 1104 1211 integra
1123 1159 1157 1198 re

261 1248 364 1298 tecum
376 1244 515 1311 egissem,
526 1238 665 1310 profecto
676 1242 758 1295 enim
769 1237 883 1308 aliquid
894 1240 1031 1307 egissem.
1067 1236 1158 1294 Nunc

260 1339 422 1406 reprimam
444 1342 615 1406 susceptam
636 1334 884 1403 obiurgationem.
917 1332 1043 1392 Utinam
1058 1331 1158 1390 valeat

260 1428 300 1488 ad
315 1430 504 1488 celeritatem
518 1429 634 1488 reditus
649 1430 709 1487 tui!

303 1525 369 1597 Ego
384 1526 424 1583 ad
438 1533 471 1584 te
485 1533 647 1597 propterea
660 1529 761 1583 minus
772 1544 862 1597 saepe
877 1524 984 1594 scribo,
995 1523 1078 1595 quod
1092 1543 1157 1582 cer-

260 1629 327 1679 tum
349 1640 412 1679 non
435 1621 543 1692 habeo,
566 1622 618 1679 ubi
641 1625 680 1679 sis
702 1629 756 1678 aut
781 1620 833 1678 ubi
858 1620 977 1678 futurus
1002 1624 1057 1689 sis;
1085 1619 1157 1678 huic
1247 1634 1249 1645 ⁴

260 1725 365 1775 tamen
378 1722 481 1775 nescio
495 1721 554 1788 cui,
565 1716 647 1788 quod
664 1716 824 1774 videbatur
837 1719 887 1773 isti
902 1723 934 1773 te
949 1720 1065 1773 visurus
1079 1735 1157 1788 esse,
1248 1746 1249 1759 π

260 1816 365 1884 putavi
379 1812 493 1870 dandas
512 1832 579 1870 esse
597 1812 723 1870 litteras.
767 1812 824 1882 Tu,
838 1815 979 1882 quoniam
994 1816 1109 1869 itumm
1123 1819 1156 1870 te

260 1911 293 1964 iu
313 1907 417 1965 Asiam
437 1927 503 1966 esse
522 1914 621 1979 putas,
636 1907 675 1965 ad
695 1926 772 1978 quae
793 1915 930 1978 tempora
949 1914 982 1965 te
997 1915 1156 1978 exspecte-

259 2022 337 2074 muS,
360 2002 451 2061 facias
473 2023 523 2060 me
548 2008 708 2061 certiorem
731 2003 831 2072 velim,
855 2010 888 2061 et
913 2002 952 2060 de
981 2001 1156 2074 Eutychide

260 2097 334 2171 quid
348 2103 454 2170 egeris.

585 2184 833 2270 xvr1[xvnr]

551 2313 656 2353 c1cnao
677 2313 782 2352 mico
803 2313 861 2352 san

48 2389 106 2446 Scr.
122 2390 230 2448 Romae
303 2388 381 2447 Puto
395 2395 427 2448 te
442 2393 614 2448 existimare
628 2411 678 2448 me
693 2411 774 2448 nunc
788 2390 917 2448 oblitum
928 2392 1157 2451 consuetudinis

48 2472 85 2529 K·
105 2473 164 2531 002·
180 2494 206 2532 a·
260 2491 294 2543 et
307 2489 441 2543 instituti
455 2491 516 2544 mei
530 2491 624 2544 rarius
641 2486 680 2545 ad
697 2494 729 2544 te
744 2487 885 2557 scribere,
900 2506 991 2558 quam
1005 2487 1156 2558 solebam3
1245 2500 1246 2509 ¹

49 2557 109 2614 700
260 2580 324 2652 sed,
342 2586 484 2653 quoniam
500 2581 567 2639 loca
588 2590 621 2640 et
642 2586 752 2640 itinera
772 2589 826 2639 tua
846 2581 923 2639 nihil
944 2582 1058 2642 habere
1080 2575 1157 2643 certi

259 2676 358 2748 video,
379 2697 480 2749 neque
502 2682 533 2735 in
559 2678 684 2750 Epirum
709 2698 810 2750 neque
836 2677 977 2736 Athenas
999 2699 1101 2751 neque
1124 2685 1156 2738 in

258 2772 363 2853 Asiam
382 2768 523 2845 cuiquam
542 2778 600 2832 nisi
619 2773 658 2832 ad
680 2781 713 2832 te
736 2779 836 2846 ipsum
858 2774 1060 2847 proficiscenti
1082 2777 1157 2836 dedi

244 2868 384 2941 'litteras
418 2869 527 2940 Neque
539 2874 622 2928 enim
633 2877 704 2927 sunt
715 2870 863 2942 epistulae
874 2878 995 2930 nostrae
1006 2892 1062 2932 eae
1076 2892 1155 2944 quae

258 2968 283 3023 si
297 2964 432 3037 perlatae
452 2985 514 3024 non
533 2970 605 3036 sint,
626 2965 704 3023 nihil
725 2986 830 3025 cares
851 2987 906 3024 nos
928 2967 1078 3027 offensura
1099 2975 1154 3039 sit3

258 3080 335 3132 quae
350 3068 471 3119 tantum
485 3061 602 3120 habent
615 3066 838 3133 mysteriorum,
854 3070 889 3120 ut
903 3083 954 3121 eas
968 3083 1008 3122 ne
1025 3065 1154 3124 librariis

490 3145 496 3173 ¹
514 3152 544 3194 ut
555 3161 573 3195 a
585 3147 639 3195 tuis
650 3146 718 3195 Boot
727 3164 733 3195 ε
752 3146 870 3196 mutabis
881 3147 921 3196 M.

342 3228 400 3279 318
