2484 3854
505 108 519 145 Ι

447 269 617 330 MARCUS
638 269 820 329 TULLIUS
842 269 992 329 CICERO

270 392 405 450 libenter
417 392 480 449 dixi
494 413 544 450 me
561 400 767 464 accepturum,
782 397 807 451 si
821 392 982 451 attulisset.
1027 393 1130 465 Nunc,
1146 397 1173 451 si

271 508 321 545 me
339 508 430 559 amas,
449 493 474 546 si
490 496 523 546 te
541 509 559 544 a
575 509 626 546 me
643 492 736 546 amari
754 493 820 558 scis,
839 492 957 546 enitere
974 509 1030 561 per
1046 492 1172 560 amicos,

271 584 409 653 clientes,
423 584 568 656 hospites,
583 584 708 642 libertos
725 584 858 656 denique
875 604 910 642 ac
925 604 1025 643 servos
1038 593 1119 656 tuos,
1134 592 1173 644 ut
1202 640 1208 652 ,

272 679 354 738 scida
368 700 408 738 ne
423 701 482 752 qua
496 680 658 753 depereat,
672 701 743 738 nam
758 688 791 738 et
806 681 959 739 Graecis'‘
940 681 1071 739 uslibris
1071 702 1173 753 ,quos

272 780 414 848 suspicor,
436 785 468 834 et
486 777 612 847 Latinis,
631 797 705 848 quos
723 782 784 834 scio
803 776 889 836 illum
908 778 1075 848 reliquisse,
1092 777 1173 835 mihi

272 871 472 930 vehementer
496 893 571 945 opus
596 881 650 931 est
696 872 762 943 Ego
789 880 893 930 autem
922 873 1034 930 cotidie
1061 878 1172 945 magis,

272 968 354 1038 quod
376 968 451 1024 mihi
474 968 513 1026 de
536 968 649 1026 sorensi
671 968 773 1025 labore
796 973 942 1041 temporis
961 969 1089 1038 daturs
1080 989 1114 1025 ιιι
1134 974 1173 1028 iis

273 1063 380 1121 studiis
398 1068 585 1134 conquiesco
631 1063 689 1121 Per
707 1064 792 1133 mihi,
811 1084 876 1136 per,
896 1068 1030 1135 inquam,
1046 1073 1172 1135 gratum

273 1158 390 1230 feceris,
402 1164 427 1217 si
441 1164 473 1215 in
487 1159 545 1216 hoc
559 1167 623 1217 tam
638 1158 768 1229 diligens
783 1159 880 1217 fueris·
876 1180 987 1231 ‚quam
1002 1159 1099 1218 soles
1090 1180 1124 1216 m
1133 1164 1172 1219 iis

272 1256 372 1325 rebus,
388 1275 461 1326 quas
475 1275 525 1312 me
539 1254 627 1312 valde
642 1254 721 1313 velle
735 1256 921 1325 arbitrariss
913 1260 978 1327 ipsi
980 1275 1065 1326 isque
1082 1255 1172 1315 Paeti

272 1351 329 1408 tibi
343 1355 468 1421 negotia
481 1351 670 1421 commendo,
682 1351 721 1409 de
736 1352 844 1422 quibus
858 1353 915 1409 tibi
929 1350 981 1409 ille
995 1355 1060 1421 agit
1073 1356 1171 1409 maxi-

273 1466 336 1503 mas
350 1451 472 1517 gratias,
490 1455 532 1517 et,
550 1451 611 1504 ut
603 1467 663 1503 iam
681 1451 790 1505 invisas
807 1467 871 1515 nos,
889 1467 952 1504 non
969 1447 1066 1504 solum
1084 1467 1170 1518 rogo,

273 1542 435 1601 sedetiam
450 1541 569 1601 suadeo
