2526 3850
465 306 634 365 MARCUS
655 304 837 364 TULLIUS
859 302 1030 364 CICERO

289 426 440 486 facerem?
473 427 511 485 ln
524 448 585 499 quo
598 427 685 485 illum
698 435 843 498 agentem
856 426 981 497 aliquid,
992 425 1094 496 credo,
1106 426 1186 484 salu-

288 546 361 613 tavi,
375 550 445 613 post
465 547 559 600 etiam
580 546 652 599 iussi
673 541 784 611 valere,
803 560 873 598 cum
893 560 943 598 me
965 544 1070 598 exiens
1092 560 1110 598 e
1132 560 1187 597 sua

290 655 370 726 villa,
394 655 544 727 numquid
571 654 692 725 vellem,
717 662 860 725 rogasset
911 654 1005 711 Hunc
1027 654 1186 711 hominem

289 789 394 841 parum
417 778 537 840 gratum
560 773 718 840 quisquam
738 775 830 839 putet
848 774 904 825 aut
923 787 986 825 non
1006 772 1038 824 in
1060 787 1098 825 eo
1119 771 1185 839 ipso

289 883 483 954 laudandum,
492 883 574 954 quod
584 882 682 940 audiri
692 902 755 939 non
768 881 930 940 laborarit?
941 837 1022 941 38&
1038 878 1132 939 redeo
1145 882 1186 941 ad
1252 898 1255 904 ·

289 997 373 1055 illud.

331 1112 402 1170 Noli
423 1121 530 1184 putare
551 1111 627 1169 mihi
646 1111 736 1169 aliam
755 1110 991 1169 consolationem
1012 1130 1078 1169 esse
1095 1110 1188 1170 huius

289 1230 423 1298 ingentis
450 1226 617 1297 molestiae,
638 1229 696 1284 nisi
720 1225 803 1296 quod
823 1244 911 1297 spero
932 1244 995 1283 non
1015 1225 1188 1296 longiorem

289 1359 389 1397 annua
404 1339 477 1397 fore.
522 1340 592 1397 Hoc
605 1359 655 1396 me
670 1343 713 1397 ita
727 1339 807 1397 velle
820 1338 910 1396 multi
924 1359 987 1396 non
1001 1340 1132 1398 credunt
1147 1360 1187 1398 ex

289 1453 509 1511 consuetudine
517 1453 659 1522 aliorum;
670 1460 715 1524 tu,
724 1457 777 1524 qui
785 1457 852 1524 scis,
859 1472 981 1510 omnem
992 1453 1187 1524 diligentiam

289 1566 448 1624 adhibebis
467 1574 534 1624 tum
554 1568 679 1638 scilieet,
695 1588 765 1625 cum
784 1566 816 1625 id
835 1570 885 1638 agi
904 1567 1040 1638 debebit,
1056 1588 1126 1625 cum
1147 1589 1187 1628 ex

291 1685 382 1757 Epiro
402 1686 535 1743 redieris.
580 1685 629 1744 De
646 1706 679 1744 re
699 1686 820 1758 publica
834 1686 945 1744 scribas
959 1686 997 1744 ad
1016 1707 1067 1746 me
1081 1687 1187 1761 velim,

290 1804 315 1857 si
329 1799 402 1870 quid
418 1803 486 1870 erit,
501 1799 583 1870 quod
597 1799 731 1857 odorere.
776 1799 922 1858 Nondum
941 1804 1024 1858 enim
1038 1805 1110 1858 satis
1125 1801 1188 1860 huc
1246 1842 1250 1851 ·

291 1920 357 1971 erat
370 1912 507 1984 allatum,
522 1933 583 1984 quo
597 1913 687 1970 modo
707 1913 816 1971 Caesar
830 1913 925 1972 ferret
944 1914 983 1972 de
1002 1919 1188 1976 auctoritate

290 2031 465 2101 perscripta,
481 2035 606 2099 eratque
620 2046 722 2085 rumor
735 2027 775 2084 de
789 2027 1011 2100 Transpadanis
1025 2048 1076 2087 eos
1090 2033 1189 2090 iussos

290 2159 334 2197 1111
345 2145 423 2198 viros
435 2160 544 2200 creare.
573 2139 663 2212 Quod
675 2145 700 2198 si
710 2145 753 2199 ita
765 2149 821 2212 est,
833 2161 958 2213 magnos
968 2149 1069 2200 motus
1079 2147 1186 2204 timeo.

291 2254 353 2314 Sed
366 2255 481 2325 aliquid
496 2275 534 2313 ex
551 2255 694 2328 Pompeio
709 2260 809 2314 seiam.

591 2807 695 2845 CICERO
711 2807 888 2846 ATTico-sAL.

78 2904 137 2962 Sor.
154 2903 182 2962 in
207 2902 277 2962 Tre·
333 2903 370 2960 A.
388 2903 416 2962 d.
433 2923 463 2962 vr
479 2902 552 2961 Idus
567 2904 663 2961 Maias
682 2907 752 2961 veni
771 2908 804 2960 in
822 2903 1029 2963 Trebulanum
1049 2907 1089 2964 ad
1110 2907 1191 2966 Pon·
1241 2956 1244 2961 .

79 2986 181 3046 hulam
200 2986 227 3046 V
290 3022 375 3076 tium.
422 3018 469 3075 lbi

79 3070 213 3214 dngal'
231 3091 257 3129 a·
290 3138 383 3192 tertio
397 3135 450 3191 abs
465 3140 497 3191 te
509 3132 568 3191 die.
613 3131 730 3190 Eodem
742 3140 846 3191 autem
857 3138 962 3193 exiens
973 3155 990 3194 e
1003 3135 1191 3209 Pompeiano

373 3260 432 3312 aar
489 3336 492 3342 Ι

494 3018 570 3075 mihi
594 3025 666 3076 tuae
691 3017 813 3075 litterae
836 3019 926 3077 binae
951 3019 1091 3079 redditae
1117 3033 1191 3083 sunt
