2526 3850
425 320 595 381 MARCUS
616 320 798 380 TULLIUS
821 320 971 380 CICERO

247 449 295 501 ret
314 441 511 513 fugitivorum
530 442 665 501 delectas
685 446 794 514 copias,
809 446 842 499 in
861 461 1001 514 campum
1020 445 1064 499 ire
1084 461 1148 499 non

248 552 297 603 est
324 564 421 602 ausus.
474 544 550 601 Milo
578 548 745 616 permansit
773 544 812 602 ad
840 543 1000 603 meridiem
1022 544 1149 601 mirifica

248 644 406 703 hominum
442 645 560 704 laetitia
594 665 711 703 summa
746 666 815 703 cum
850 645 953 717 gloria.
1012 645 1147 703 Conten-

249 752 293 806 tio
326 747 454 805 fratrum
485 751 577 805 trium
609 751 716 818 turpis,
746 746 842 805 fracta
873 752 927 818 vis,
952 754 1147 818 contemptus

249 848 340 907 furor.
386 847 532 907 Metellus
546 855 651 906 tamen
665 849 809 920 postulat,
824 857 860 907 ut
879 850 936 907 sibi
955 856 1077 920 postero
1095 848 1147 906 die

249 954 281 1007 in
305 949 370 1008 foro
395 951 612 1018 obnuntietur3
640 949 717 1007 nihil
743 969 819 1020 esse,
844 949 926 1021 quod
949 954 982 1007 in
1007 969 1148 1021 campum

249 1061 340 1110 nocte
369 1056 542 1120 veniretur;
575 1071 608 1109 se
636 1050 711 1109 hora
738 1056 835 1123 prima
863 1057 895 1108 in
924 1055 1046 1109 comitio
1071 1050 1145 1109 fore.

251 1154 360 1226 ltaque
374 1163 447 1213 ante
462 1154 545 1213 diem
562 1173 593 1211 xr
609 1153 675 1210 Kal.
692 1157 724 1211 in
740 1158 896 1211 comitium
911 1154 988 1212 Milo
1001 1153 1041 1212 de
1055 1161 1147 1211 nocte

251 1261 343 1314 venit.
389 1256 534 1314 Metellus
549 1276 619 1313 cum
633 1259 730 1326 prima
743 1255 811 1313 luce
831 1254 937 1314 furtim
956 1260 989 1313 in
1008 1275 1149 1327 campum

250 1358 409 1416 itineribus
437 1376 532 1428 prope
561 1357 656 1415 deviis
679 1358 834 1415 currebat:
862 1357 1040 1429 adsequitur
1067 1361 1149 1415 inter

250 1459 334 1517 lucos
362 1459 517 1516 hominem
546 1458 632 1530 Milo,
661 1459 831 1517 obnuntiat.
885 1459 941 1517 Ille
970 1479 1003 1517 se
1031 1463 1150 1532 recepit

251 1580 363 1632 magno
385 1568 417 1618 et
438 1564 520 1632 turpi
542 1559 580 1633 Q.
605 1560 704 1618 Flacci
729 1565 872 1619 convicio.
916 1560 1001 1619 Ante
1024 1561 1107 1619 diem
1129 1580 1149 1618 x

253 1663 319 1721 Kal.
336 1662 501 1721 nundinae.
547 1662 656 1721 Contio
670 1662 763 1721 biduo
777 1663 869 1721 nulla
1089 1672 1107 1680 ”

293 1772 377 1829 Ante
397 1770 479 1829 diem
499 1790 552 1829 vm
573 1771 639 1828 Kal.
661 1769 737 1829 haec
752 1790 810 1841 ego
824 1771 993 1829 scribebam
1006 1770 1081 1829 hora
1094 1791 1150 1829 no·

252 1878 309 1931 ctis
328 1893 416 1931 nona.
461 1873 537 1931 Milo
557 1893 699 1944 campum
721 1877 781 1930 iam
804 1873 939 1931 tenebat.
985 1872 1150 1931 Marcellus

252 1974 431 2033 candidatus
459 1977 503 2032 ita
530 1975 689 2044 stertebat,
715 1982 751 2032 ut
779 1993 836 2045 ego
862 1977 977 2032 vicinus
1002 1974 1148 2038 audirem.

253 2075 339 2134 Clodi
363 2075 549 2134 vestibulum
574 2095 701 2133 vacuum
730 2094 803 2134 sane
832 2075 907 2132 mihi
936 2076 1150 2135 nuntiabatur:
1257 2084 1259 2115 ³

251 2182 340 2251 pauci
360 2182 488 2250 pannosi
508 2177 591 2235 linea
611 2177 759 2235 lanterna.
805 2177 877 2235 Meo
899 2177 1024 2235 consilio
1048 2182 1152 2236 omnia

251 2280 296 2337 illi
318 2279 383 2337 fieri
404 2279 610 2350 querebantur
633 2282 731 2350 ignari
754 2285 903 2349 quantum
926 2283 958 2336 in
981 2279 1034 2337 illo
1056 2263 1171 2340 heroe

253 2389 334 2440 esset
348 2385 451 2451 animi,
463 2386 611 2451 quantum
626 2384 720 2438 etiam
734 2379 858 2437 consilii.
904 2379 1044 2439 Miranda
1054 2384 1151 2440 virtus

253 2490 308 2541 est.
353 2481 440 2540 Nova
454 2481 603 2553 quaedam
618 2481 719 2539 divina
739 2485 845 2551 mitto;
867 2481 921 2540 sed
943 2482 1018 2540 haec
1033 2502 1152 2542 summa

253 2594 308 2644 est.
353 2580 483 2643 Comitia
497 2583 562 2642 fore
577 2603 639 2641 non
654 2585 797 2653 arbitr0r3
819 2603 906 2643 reum
926 2583 1079 2657 Publium,
1092 2590 1152 2645 nisi

252 2693 325 2744 ante
339 2691 455 2744 occisus
470 2690 538 2756 erit,
553 2685 618 2743 fore
638 2706 656 2742 a
677 2685 794 2743 Milone
815 2692 905 2758 puto3
927 2691 953 2744 si
967 2706 1000 2744 se
1014 2691 1047 2744 in
1061 2688 1152 2747 turba

253 2793 282 2847 er
302 2776 380 2846 iam¹
396 2786 552 2858 obtulerit,
572 2791 704 2845 occisum
723 2791 760 2844 iri
778 2788 900 2859 abipso
919 2786 1036 2846 Milone
1050 2789 1148 2849 video.
1188 2826 1190 2829 -

253 2891 324 2948 Non
344 2888 464 2948 dubitat
483 2888 595 2960 facere,
614 2909 686 2961 prae
706 2909 739 2947 se
762 2888 839 2958 fert3
860 2908 964 2948 casum
986 2890 1074 2949 illum
1096 2912 1150 2950 no-

252 3000 350 3051 strum
364 3012 427 3050 non
441 2995 622 3050 extimescit.
667 2991 841 3063 Numquam
867 2995 950 3050 enim
974 2997 1151 3064 cuiusquam

189 3124 197 3135 ⁴
284 3127 330 3176 ‘se
347 3128 373 3174 'm
391 3125 472 3174 turba
489 3125 513 3174 ei
530 3125 584 3174 iam
602 3125 698 3175 Mota:
715 3141 745 3175 se
761 3126 799 3174 uti
817 3124 914 3175 turbae
932 3126 986 3175 iam
1000 3125 1108 3178 NCZl’:
1128 3130 1151 3178 si

253 3193 368 3241 sentitur
380 3192 468 3242 veiam
480 3190 521 3241 M.

336 3273 396 3333 278
