2494 3854
441 301 611 364 MARCUS
632 303 814 363 TULLIUS
836 304 986 363 CICERO

265 415 357 484 libet3
377 415 431 473 sed
445 414 536 486 plane
550 414 679 485 gaudeo,
694 418 837 485 quoniam
851 416 884 472 rb
900 412 1019 484 νεμεσᾶν
1033 416 1163 470 interest

265 509 317 569 τοῦ
331 510 457 580 φθονεῖν.

644 866 652 870 .
688 814 747 872 XX

490 956 494 962 .
568 929 672 967 cronno
686 929 792 967 arrico
807 929 865 967 aar.

4 1046 5 1051 κ
56 1009 114 1067 Ser.
131 1008 161 1066 ia
312 1005 520 1065 Saturnalibus
539 1019 628 1064 mane
650 1026 683 1064 se
704 1005 779 1063 mihi
803 1006 1022 1077 Pindenissitae
1037 1004 1163 1063 dedide-

59 1092 158 1151 Cillcia
173 1111 198 1149 θ·
269 1111 342 1161 runt
356 1107 485 1175 septimo
501 1111 533 1160 et
547 1107 797 1173 quinquagesimo
811 1103 872 1173 die,
888 1109 1048 1173 postquam
1068 1120 1163 1172 oppu-
1241 1120 1243 1157 i

269 1219 363 1270 gnare
375 1219 425 1258 eos
437 1203 598 1270 coepimus.
624 1184 720 1269 “Qui,
735 1198 862 1256 malum!
877 1201 928 1255 isti
945 1197 1165 1255 Pindenissitae

269 1299 322 1366 qui
351 1294 465 1352 sunt?”
496 1298 629 1365 inquies3
659 1280 796 1351 “nomen
832 1294 933 1359 audivi
967 1293 1163 1364 numquam.’'

59 1177 119 1233 703
133 1175 205 1232 inter
214 1194 240 1231 a.

56 1259 83 1316 d.
101 1258 169 1316 XII
179 1265 205 1316 et

58 1341 106 1400 IV
118 1342 156 1400 K.
171 1341 231 1399 Ian.

270 1390 353 1462 Quid
375 1411 433 1462 ego
448 1390 574 1448 faciam?
596 1411 670 1448 num
689 1395 775 1462 potui
796 1391 930 1449 Ciliciam
944 1390 1098 1448 Aetoliam
1112 1397 1167 1464 aut
1240 1416 1241 1419 ¹

270 1487 482 1545 Macedoniam
496 1486 645 1545 reddere?
682 1487 752 1545 Hoc
766 1492 827 1544 iam
841 1492 883 1545 sic
897 1475 1020 1557 habeto,
1035 1506 1093 1544 nec
1108 1486 1167 1543 hoc

270 1572 405 1647 exercitu
420 1603 477 1640 nec
496 1582 547 1640 hic
561 1590 647 1641 tanta
661 1587 786 1653 negotia
804 1587 870 1654 geri
891 1586 1033 1655 potuisse.
1078 1581 1166 1653 Quae

270 1697 418 1749 cognosce
429 1676 457 1736 ἓν
469 1676 605 1750 {atroam
619 1683 661 1736 sic
677 1682 759 1735 enim
770 1679 911 1737 concedis
922 1677 997 1735 mihi
1011 1682 1167 1749 proxumis
1220 1742 1224 1749 ,

269 1775 388 1832 litteris.
430 1774 586 1846 Ephesum
601 1782 636 1832 ut
650 1779 795 1845 venerim,
810 1778 900 1846 nosti,
915 1779 968 1846 qui
979 1778 1075 1832 etiam
1089 1774 1187 1832 mihi.
1233 1768 1241 1799 ³'

269 1869 439 1941 gratulatus
461 1889 493 1927 es
515 1869 595 1927 illius
617 1870 678 1928 diei
700 1870 921 1941 celebritatem,
935 1890 995 1941 qua
1016 1869 1093 1927 nihil
1117 1890 1167 1928 me

270 1985 413 2036 umquam
429 1964 594 2046 delectavit
613 1970 716 2037 magis.
756 1965 833 2024 Inde
853 1970 885 2023 in
906 1966 1025 2037 oppidis
1046 1969 1091 2037 iis,
1107 1985 1168 2037 qua

270 2063 329 2118 iter
351 2067 426 2131 erat,
441 2061 620 2119 mirabiliter
633 2067 750 2132 accepti
773 2061 954 2120 Laodiceam
976 2062 1073 2133 pridie
1097 2061 1166 2120 Kal.
1236 2116 1241 2135 ,

271 2157 401 2217 Sextiles
431 2161 575 2215 venimus.
621 2157 668 2214 lbi
692 2162 801 2214 morati
826 2158 953 2216 biduum
978 2157 1168 2229 perillustres

270 2253 381 2311 fuimus
396 2253 626 2324 honorificisque
636 2254 734 2311 verbis
743 2273 848 2311 omnes
859 2257 982 2310 iniurias
992 2253 1169 2313 revellimus

271 2353 448 2420 superiores,
458 2348 539 2418 quod
550 2348 632 2406 idem
642 2348 778 2419 Colossis,
785 2348 857 2406 dein
866 2348 1020 2420 Apameae
1030 2354 1168 2422 quinque

271 2445 336 2503 dies
350 2448 458 2502 morati
473 2452 506 2501 et
528 2444 677 2516 Synnadis
691 2445 836 2515 triduum,
853 2444 1013 2502 Philomeli
1029 2450 1168 2518 quinque

271 2540 346 2610 dieS,
366 2539 450 2597 leoni
472 2539 579 2598 decem
600 2541 735 2599 fecimus.
774 2540 857 2598 Nihil
880 2561 917 2599 ea
937 2545 1009 2599 iuris
1030 2541 1171 2601 dictione

271 2636 467 2708 aequabilius,
478 2637 554 2694 nihil
569 2637 677 2708 lenius,
686 2637 763 2694 nihil
777 2641 904 2708 gravius.
929 2637 1013 2695 lnde
1025 2641 1057 2693 in
1069 2646 1172 2697 castra
1238 2646 1239 2651 ’

272 2736 342 2791 veni
356 2752 382 2789 a.
399 2732 428 2790 d.
445 2753 486 2790 vn
504 2720 662 2791 ¹Kalendas
683 2733 886 2806 Septembres.
932 2733 968 2791 A.
985 2733 1013 2791 d.
1031 2753 1064 2791 111
1081 2716 1170 2797 exer-

272 2833 367 2889 citum
391 2828 514 2886 lustravi
535 2829 616 2900 apud
641 2829 785 2887 Iconium.
830 2829 876 2886 Ex
898 2829 945 2887 his
967 2835 1082 2902 castriS,
1097 2852 1170 2891 cum

271 2943 378 2995 graves
392 2924 431 2981 de
448 2924 565 2982 Parthis
576 2929 676 2982 nuntii
687 2929 836 2996 venirent,
851 2930 971 2996 perrexi
984 2930 1013 2983 in
1031 2927 1172 2986 Ciliciam

272 3041 327 3094 per
342 3020 549 3091 Cappadociae
563 3029 682 3093 partem
697 3041 774 3091 eam,
789 3041 866 3092 quae
881 3022 1014 3080 Ciliciam
1030 3028 1172 3095 attingit,

273 3136 309 3175 eo
331 3115 465 3186 consilio,
481 3124 516 3174 ut
539 3116 700 3175 Armenius
722 3116 959 3176 Arta'vasdeset
980 3121 1037 3190 ipsi
1062 3118 1169 3178 Parthi
1236 3100 1238 3133 ἵ

357 3247 416 3299 388
