2480 3862
430 299 604 376 'MARCUS
625 297 808 377 TULLIUS
830 297 997 371 CICERO⁸

260 427 426 496 paenitere.
471 421 560 492 Nam,
575 421 657 494 quod
672 427 795 478 senatus
810 419 983 477 consultum
997 438 1064 478 esse
1075 420 1159 479 dice·

260 525 322 594 bat,
335 531 370 582 ut
383 527 429 580 ius
444 542 482 580 ex
497 521 669 593 syngrapha
683 521 846 591 diceretur,
858 539 895 589 eo
906 519 1031 578 consilio
1042 519 1160 579 factum

261 633 318 696 est,
333 625 414 696 quod
424 627 585 696 pecuniam
600 622 754 681 Salaminii
766 629 871 680 contra
881 621 983 692 legem
996 622 1159 679 Gabiniam
1234 680 1235 683 ,

261 733 459 798 sumpserant.
505 725 638 782 Vetabat
652 731 755 782 autem
770 723 842 780 Auli
856 722 907 780 lex
924 727 970 780 ius
985 723 1046 780 dici
1060 723 1101 780 de
1116 728 1159 781 ita
1234 788 1235 803 ἦ

262 835 383 907 sumpta
410 830 546 898 pecunia
593 824 739 883 Decrevit
767 828 861 895 igitur
889 830 1021 893 senatus,
1051 831 1088 905 ut
1113 828 1159 883 ius
1234 812 1235 817 ἵ

261 929 415 986 diceretur
431 947 469 985 ex
491 931 550 985 ista
569 925 748 997 syngrapha.
794 925 884 982 Nunc
899 928 957 983 ista
970 924 1066 982 habet
1086 916 1160 983 iuris

262 1030 344 1087 idem
373 1029 455 1100 quod
483 1035 614 1098 ceterae,
639 1026 716 1084 nihil
745 1030 906 1098 praecipui.
953 1026 1041 1084 Haec
1066 1046 1085 1084 a
1108 1046 1161 1085 me

262 1130 367 1187 ordine
382 1128 463 1186 facta
476 1135 552 1199 puto
565 1147 616 1185 me
632 1127 726 1185 Bruto
740 1127 952 1198 probaturum;
969 1127 1026 1183 tibi
1040 1131 1162 1194 nesci03

262 1231 369 1295 Catoni
383 1236 467 1287 certe
481 1229 621 1300 probabo.

305 1331 366 1389 Sed
377 1334 437 1388 iarn
447 1330 486 1388 ad
495 1337 528 1388 te
538 1333 638 1401 ipsum
648 1336 791 1416 revertor.
829 1329 891 1385 Ain
899 1328 1160 1400 tandem‚Attice‚

262 1432 400 1490 laudator
414 1435 599 1502 integritatis
614 1438 647 1489 et
661 1430 832 1501 elegantiae
846 1437 977 1501 nostrae,

439 1537 557 1608 “ausus
572 1571 604 1609 es
618 1550 676 1608 hoc
691 1571 729 1608 ex
744 1570 795 1608 ore
810 1550 975 1621 tuo-—,”

263 1676 363 1745 inquit
374 1672 500 1743 Ennius,
511 1679 547 1735 ut
561 1677 680 1743 equites
690 1671 812 1743 Scaptio
826 1672 865 1729 ad
876 1674 1036 1742 pecuniam
1047 1691 1161 1743 cogen-

264 1774 334 1831 dam
349 1773 462 1842 darem,
478 1792 527 1829 me
541 1773 666 1842 rogare?
710 1771 760 1828 An
770 1779 815 1842 tu,
830 1776 855 1828 si
869 1791 990 1829 mecum
1004 1790 1097 1843 esseS,
1110 1777 1162 1844 qui

263 1875 367 1931 scribis
382 1873 513 1930 morderi
527 1880 559 1930 te
574 1873 738 1944 interdum,
750 1872 832 1944 quod
842 1892 904 1930 non
913 1872 1002 1930 simul
1012 1876 1062 1943 εἰς,
1074 1882 1161 1945 pate·

264 1989 332 2026 rere
343 1988 393 2027 me
404 1968 436 2043 id
448 1968 558 2043 facere,
571 1972 594 2026 si
607 1968 737 2027 vellem?
769 1954 866 2026 “Non
877 1968 1034 2040 amplius‚’'
1048 1972 1162 2041 inquis,
1234 1952 1235 1957 ἵ

265 2051 284 2077 “
295 2064 545 2136 quinquaginta.''
590 2064 666 2122 Cum
681 2065 826 2136 Spartaco
840 2067 940 2122 minus
954 2063 1044 2122 multi
1059 2070 1162 2136 primo

264 2161 396 2219 fuerunt.
436 2159 519 2232 Quid
533 2160 659 2218 tandem
673 2164 724 2217 isti
734 2160 807 2218 mali
817 2163 849 2216 in
863 2168 927 2218 tam
941 2167 1049 2218 tenera
1063 2162 1164 2223 insula

264 2277 327 2321 non
349 2256 512 2315 fecissent?
555 2255 626 2313 Non
650 2255 796 2314 fecissent
822 2257 950 2314 autem?
971 2259 1065 2313 immo
1088 2257 1164 2328 quid

264 2360 337 2410 ante
358 2352 524 2410 adventum
544 2370 646 2409 meum
666 2365 728 2408 non
750 2350 909 2409 fecerunt?
952 2351 1110 2411 Inclusum
1132 2358 1164 2411 in

266 2452 347 2505 curia
362 2454 501 2505 senatum
513 2446 686 2505 habuerunt
697 2446 894 2505 Salaminium
905 2452 948 2505 ita
957 2446 1071 2506 multos
1086 2449 1164 2520 dies

266 2552 301 2601 ut
314 2547 487 2601 interierint
502 2562 564 2600 non
578 2542 654 2600 nulli
670 2541 758 2601 fame.
803 2543 877 2603 Erat
892 2548 973 2602 enim
986 2543 1164 2614 praefectus

266 2636 348 2710 Appi
362 2639 501 2718 Scaptius
516 2645 549 2696 et
563 2637 696 2695 habebat
710 2646 824 2696 turmas
843 2640 882 2696 ab
905 2640 1013 2711 Appio.
1060 2639 1099 2699 ld
1113 2661 1164 2700 me

266 2739 359 2806 igitur
373 2742 418 2804 tu,
434 2739 518 2791 cuius
532 2733 707 2793 mehercule
722 2754 755 2792 os
774 2734 850 2793 mihi
869 2743 942 2793 ante
960 2735 1064 2794 oculos
1084 2738 1165 2797 solet

267 2833 388 2900 versari,
403 2849 473 2887 cum
487 2830 526 2887 de
542 2830 642 2900 aliquo
657 2830 752 2887 officio
766 2849 801 2888 ac
816 2830 907 2889 laude
922 2835 1033 2902 cogito,
1048 2839 1084 2890 tu
1101 2853 1164 2904 me,
1234 2844 1235 2871 ¹

266 2930 399 2996 inquam,
415 2945 511 2996 rogas,
527 2924 698 2996 praefectus
714 2933 749 2983 ut
764 2923 902 2997 Scaptius
917 2927 974 2984 sit?
1005 2926 1090 2985 Alias
1105 2928 1164 2986 hoc
1234 2976 1235 2979 ,

266 3028 477 3101 statueramus²
493 3028 528 3077 ut
542 3025 764 3092 negotiatorem
778 3025 943 3092 nerninem,
958 3022 1050 3093 idque
1068 3023 1164 3082 Bruto
1234 3018 1235 3023 ἵ

266 3118 467 3188 probaramus.
514 3117 637 3173 Habeat
658 3121 682 3174 is
704 3117 837 3175 turmas?
868 3117 927 3175 Cur
949 3122 1049 3189 potius
1072 3139 1164 3190 quarn

269 3232 271 3235 ·
351 3231 411 3303 450
