2498 3850
447 309 617 369 MARCUS
638 308 821 368 TULLIUS
842 307 993 367 CICERO

272 434 405 492 sonitum
418 431 533 503 audire,
547 436 597 489 vix
612 435 788 504 impressam
803 432 932 488 orbitam
946 430 1050 488 videre
1067 448 1169 502 posse·

272 558 358 608 mus;
380 548 413 597 et
427 539 535 597 fuisset
549 543 602 610 ita,
613 543 639 597 si
652 538 791 596 homines
805 542 966 596 transitum
974 518 1170 610 tempestatis

274 654 450 720 exspectare
465 651 643 718 potuissent.
688 645 760 716 Sed,
776 666 844 703 cum
864 645 916 704 diu
935 645 1054 703 occulte
1074 650 1170 718 suspi-

273 762 401 826 rassent,
415 762 521 826 postea
535 757 594 811 iam
608 772 743 825 gernere,
757 753 798 810 ad
817 761 987 811 extremum
1002 772 1073 811 vero
1087 753 1171 824 loqui

273 847 379 921 omnes
404 868 436 920 et
464 861 594 920 clamare
619 868 793 932 coeperunt
839 860 947 931 Itaque
976 861 1028 918 ille
1057 866 1172 920 amicus

160 988 169 1001 ‘'
273 978 378 1028 noster
401 969 533 1027 insolens
554 969 707 1039 infamiae,
722 987 842 1040 semper
862 973 895 1025 in
915 966 1006 1026 laude
1025 977 1172 1041 versatus,

274 1077 483 1136 circumfluens
501 1077 607 1148 gloria,
622 1076 808 1134 deformatus
827 1095 962 1148 corpore,
976 1075 1090 1135 fractus
1106 1082 1173 1134 ani·

274 1206 335 1257 mo,
349 1205 410 1257 quo
425 1204 457 1243 se
472 1184 619 1255 conferat,
628 1187 742 1252 nescit;
756 1203 948 1256 progressum
963 1189 1173 1257 praecipitem,

274 1298 498 1351 inconstantem
519 1291 653 1351 reditum
667 1292 771 1359 videt;
793 1271 888 1351 bonos
909 1296 1046 1350 inimicos
1067 1292 1173 1364 habet,

275 1401 426 1472 improbos
441 1404 520 1472 ipsos
534 1420 596 1457 non
610 1404 729 1458 amicos.

318 1508 364 1565 Ac
375 1507 444 1565 vide
456 1506 616 1565 mollitiem
627 1512 728 1565 animi.
766 1508 837 1566 Non
847 1513 935 1566 tenui
946 1508 1092 1580 lacrimas,
1104 1528 1175 1567 cum

275 1617 362 1674 illum
376 1636 401 1672 a.
415 1615 443 1673 d.
457 1635 509 1674 vm
521 1615 588 1673 Kal.
605 1616 736 1674 Sextiles
747 1614 809 1674 vidi
820 1616 859 1674 de
871 1614 979 1674 edictis
990 1615 1091 1674 Bibuli
1102 1636 1175 1675 con-

275 1733 455 1788 tionantem.
489 1726 551 1799 Qui
564 1735 656 1786 antea
670 1728 776 1786 solitus
791 1736 871 1787 esset
886 1733 998 1787 iactare
1012 1747 1044 1787 se
1055 1734 1175 1801 magni·

277 1837 469 1895 ficentissime
492 1835 545 1893 illo
568 1840 601 1893 in
623 1835 689 1893 loco
712 1856 829 1894 summo
849 1857 918 1893 cum
936 1856 1038 1895 amore
1059 1838 1176 1910 populi,

277 1949 394 2003 cunctis
413 1943 595 2015 faventibus
609 1952 645 2003 ut
664 1943 716 2002 ille
736 1952 803 2002 tum
821 1943 953 2016 humilis,
973 1953 1008 2003 ut
1027 1945 1177 2005 demissus

277 2060 353 2124 erat,
367 2056 482 2125 utipse
502 2056 596 2111 etiam
615 2053 682 2123 sibi,
702 2072 765 2109 non
784 2056 820 2111 iis
840 2053 946 2124 solum,
966 2058 1018 2125 qui
1036 2053 1177 2127 aderant,

277 2161 475 2233 displicebat!
514 2160 543 2220 O
567 2160 774 2232 spectaculum
797 2165 851 2219 uni
872 2160 977 2219 Crasso
999 2161 1177 2236 iucundum,

277 2274 387 2328 ceteris
409 2289 472 2326 non
494 2268 587 2326 item!
632 2268 721 2340 Nam,
745 2272 815 2339 quia
838 2268 994 2327 deciderat
1017 2289 1054 2327 ex
1078 2275 1177 2343 astriS,

277 2378 378 2450 lapsus
393 2396 484 2448 quam
493 2395 668 2448 progressus
682 2381 783 2448 potius
794 2376 963 2448 videbatur,
978 2385 1020 2448 et,
1031 2385 1067 2436 ut
1081 2378 1177 2451 Apel-

253 2502 258 2516 ·
277 2484 333 2554 les,
355 2488 381 2542 si
403 2483 565 2555 Venerem,
583 2491 637 2541 aut
661 2483 857 2556 Protogenes,
882 2489 906 2542 si
932 2484 1065 2556 Ialysum
1090 2486 1179 2545 illum

279 2612 367 2651 suum
377 2611 471 2651 caeno
486 2592 615 2651 oblitum
629 2592 758 2664 videret,
772 2613 928 2665 magnum,
943 2594 1044 2666 credo,
1058 2599 1177 2668 accipe·

278 2707 327 2759 ret
346 2699 491 2771 dolorem,
510 2704 553 2758 sic
573 2719 631 2772 ego
650 2699 732 2759 hunc
752 2703 891 2761 omnibus
908 2722 926 2759 a
942 2721 992 2761 me
1009 2706 1127 2774 pictum
1145 2710 1179 2762 et

278 2808 408 2882 politum
427 2803 505 2867 artis*
520 2807 668 2867 coloribus
690 2809 790 2868 subito
810 2809 1013 2869 deformatum
1032 2830 1094 2868 non
1112 2815 1178 2870 sine

279 2934 390 2988 magno
401 2916 505 2975 dolore
516 2914 586 2974 vidi.
613 2915 804 2988 Quamquam
815 2938 906 2975 nemo
916 2918 1045 2990 putabat
1053 2927 1180 2992 propter

280 3025 459 3084 Clodianum
481 3029 640 3111 negotium
662 3045 712 3084 me
738 3025 783 3083 illi
807 3030 937 3083 amicum
963 3045 1028 3086 esse
1054 3026 1180 3099 debere,

279 3142 384 3192 tamen
405 3141 509 3192 tantus
534 3132 594 3191 fuit
618 3153 711 3206 amor,
733 3141 769 3195 ut
792 3133 943 3195 exhauriri
968 3134 1052 3194 nulla
1076 3143 1181 3208 posset

357 3239 415 3305 176
