2484 3854
446 259 616 319 MARCUS
637 258 820 319 TULLIUS
842 259 992 318 CICERO

166 446 169 451 .
271 391 372 464 Quare
390 414 486 465 usque
503 395 542 452 ad
561 395 664 452 Nonas
683 395 779 451 Maias
792 402 826 451 te
840 398 872 451 in
888 394 1047 450 Formiano
1061 412 1172 465 exspe-

270 490 366 546 ctabo.
412 490 502 547 Nunc
522 490 569 547 fao
590 498 626 547 ut
647 494 749 560 sciam,
764 510 823 561 quo
838 489 888 546 die
907 496 940 546 te
960 492 1051 546 visuri
1065 492 1168 547 simus.

270 584 320 641 Ab
334 585 416 657 Appi
439 586 515 643 Foro
536 584 610 643 hora
631 593 744 657 quarta
790 585 944 643 Dederam
964 584 1054 641 aliam
1076 585 1169 655 paulo

269 687 342 737 ante
356 700 374 736 a
389 681 497 738 Tribus
511 681 664 738 Tabernis.

695 943 739 1001 XI

568 1059 672 1096 cronno
688 1059 794 1096 arrico
809 1058 867 1096 sat.

57 1132 163 1192 Senia
311 1135 407 1193 Narro
429 1137 497 1206 tibi,
519 1137 610 1207 plane
633 1136 786 1206 relegatus
809 1134 884 1191 mihi
908 1134 1022 1206 videor,
1045 1142 1167 1206 postea-

58 1217 254 1276 F⁰rmia⁷2⁰m
269 1250 359 1301 quam
373 1234 406 1287 in
421 1232 580 1289 Formiano
595 1251 668 1290 sum.
701 1232 775 1289 Dies
790 1235 872 1288 enim
886 1231 987 1289 nullus
1002 1237 1078 1300 erat,
1089 1231 1168 1290 Anti
1224 1278 1225 1307 2

57 1301 127 1372 Apr·
141 1323 167 1359 α·
181 1301 245 1360 695
269 1345 339 1382 cum
353 1346 461 1397 essem,
475 1346 535 1397 quo
555 1326 606 1384 die
620 1347 682 1384 non
697 1327 805 1384 melius
824 1331 942 1397 scirem,
959 1326 1071 1383 Romae
1091 1328 1167 1398 quid
1224 1314 1225 1363 ἕ

268 1428 421 1493 ageretur,
432 1442 523 1493 quam
537 1426 568 1493 ii,
583 1427 635 1494 qui
650 1430 737 1480 erant
754 1422 873 1480 Romae.
905 1421 1029 1479 Etenim
1042 1421 1167 1481 litterae
1224 1402 1225 1433 ἶ

268 1524 351 1589 tuae,
365 1538 427 1575 non
442 1517 539 1575 solum
558 1519 632 1590 quid
655 1519 777 1590 Romae,
792 1518 847 1576 sed
869 1522 962 1576 etiam
982 1517 1056 1588 quid
1078 1521 1110 1575 in
1132 1540 1167 1577 re

268 1613 398 1685 publica,
413 1634 513 1685 neque
535 1615 632 1672 solum
653 1614 726 1685 quid
747 1614 845 1685 fieret,
859 1634 965 1672 verum
982 1617 1074 1672 etiam
1092 1616 1170 1686 quid

268 1708 404 1767 futurum
430 1718 520 1781 esset,
544 1710 726 1768 indicabant.
773 1711 873 1781 Nune,
896 1714 954 1768 nisi
980 1714 1004 1767 si
1027 1711 1102 1781 quid
1128 1731 1168 1770 ex

267 1813 483 1875 praetereunte
497 1810 612 1865 viatore
627 1814 790 1877 exceptum
805 1814 863 1877 est,
877 1810 954 1864 seire
968 1805 1045 1864 nihil
1060 1826 1167 1878 possu-

173 1905 177 1916 '
267 1920 342 1958 mus.
398 1899 511 1972 Quare,
537 1922 719 1973 quamquam
743 1906 803 1959 iarn
828 1910 860 1960 te
885 1907 984 1974 ipsum
1009 1912 1167 1976 exspecto,

268 2003 372 2056 tamen
386 2001 435 2054 isti
451 2018 555 2069 puero,
570 2018 662 2069 quem
676 1997 715 2055 ad
729 2000 779 2055 me
795 2002 898 2056 statim
912 2002 983 2056 iussi
998 2018 1167 2072 recurrere,

267 2090 306 2148 da
328 2092 528 2164 ponderosam
547 2094 678 2164 aliquam
700 2094 862 2166 epistulam
884 2095 1007 2166 plenam
1028 2100 1166 2155 omnium

266 2208 329 2244 non
343 2188 433 2246 modo
447 2198 593 2261 aetorum,
609 2189 663 2247 sed
683 2194 775 2247 etiam
790 2194 966 2262 opinionum
983 2198 1114 2262 tuarum,
1129 2213 1167 2251 ac

266 2281 359 2353 diem,
374 2303 433 2354 quo
450 2284 544 2341 Roma
558 2289 597 2342 sis
612 2289 757 2356 exiturus
773 2305 843 2342 cura
858 2293 893 2343 ut
907 2289 1007 2344 sciam.
1053 2287 1117 2345 Nos
1131 2291 1166 2346 in
1224 2354 1225 2359 ἵ

267 2377 426 2436 Formiano
441 2400 506 2438 esse
521 2381 658 2438 volumus
672 2401 768 2452 usque
782 2381 821 2439 ad
840 2381 916 2453 prid.
931 2382 1034 2439 Nonas
1057 2383 1163 2442 Maias.

267 2473 312 2531 Eo
326 2478 351 2532 si
365 2483 437 2533 ante
453 2496 520 2533 eam
535 2476 617 2534 diem
636 2497 699 2534 non
713 2481 841 2548 veneris,
858 2478 970 2535 Romae
985 2485 1018 2536 te
1036 2478 1166 2539 fortasse

266 2570 390 2641 videb03
412 2593 483 2629 nam
498 2573 647 2644 Arpinum
662 2572 736 2644 quid
751 2593 808 2643 ego
822 2581 855 2631 te
870 2576 1017 2632 invitem?

319 2800 353 2871 ἦς
368 2798 452 2870 γαίης
468 2799 587 2870 δύναμαι
602 2799 816 2871 γλυκερώτερον
830 2800 911 2860 ἄλλο
925 2801 1045 2863 ἰδέσθαι.
1099 2814 1106 2837 f

265 2945 352 3002 Haeo
367 2949 468 3015 igitur.
515 2945 603 3016 Cura,
617 2952 652 3002 ut
667 2945 774 3004 valeas.

349 3224 408 3276 140
