2526 3850
460 333 630 394 MARCUS
651 330 834 393 TULLIUS
856 323 1006 391 CICERO

223 499 226 503 J
286 455 427 528 Veiento,
443 457 579 528 Bantius,
593 456 732 513 tribunos
745 454 785 526 pl.
802 453 1004 526 appellarunt,
1015 472 1055 509 ne
1066 454 1183 509 iniussu
1227 456 1230 463 ’
1251 448 1252 541 l

285 577 390 650 populi
407 577 584 634 iudicarent
632 577 690 634 Res
710 575 808 644 cedit3
832 578 954 632 comitia
973 572 1067 632 dilata
1082 592 1120 630 ex
1136 593 1183 630 se-
1251 552 1252 557 ἵ

286 705 376 755 natus
398 698 546 768 consulto,
568 697 643 755 dum
663 697 713 754 lex
734 695 774 754 de
793 699 887 753 tacito
906 694 1018 752 iudicio
1040 693 1181 751 ferretur.
1251 702 1252 705 ’

288 820 381 877 Venit
392 803 455 889 legi
465 817 538 876 dies
575 817 738 875 Terentius
748 820 929 874 intercessit.
964 813 1124 884 Consules,
1131 817 1183 885 qui
1204 784 1214 805 ⁰

288 938 364 997 illud
378 913 438 997 levi
458 937 580 996 brachio
599 941 743 1009 egissent,
763 957 827 995 rem
845 936 885 994 ad
904 943 1044 994 senatum
1063 934 1183 993 detule-

287 1072 367 1122 runt.
406 1065 468 1121 Hic
482 1063 606 1121 Abdera
616 1083 678 1119 non
689 1069 812 1120 tacente
823 1082 881 1119 me.
920 1061 1027 1119 Dices:
1042 1045 1185 1118 “Tamen

289 1192 323 1242 tu
338 1205 400 1242 non
415 1184 586 1256 quiescis?’'
625 1183 763 1255 Ignosce,
778 1187 827 1239 vix
842 1202 972 1254 possum.
1010 1182 1124 1239 Verum
1138 1188 1184 1239 ta-
1251 1194 1252 1213 i

288 1325 360 1363 men
382 1304 456 1376 quid
476 1312 540 1361 tarn
562 1303 741 1361 ridiculum?
782 1303 913 1361 Senatus
934 1302 1122 1373 decreverat,
1145 1322 1185 1360 ne
1251 1320 1252 1327 ¹

288 1430 371 1497 prius
386 1408 507 1482 coniitia
521 1424 716 1495 haberentur,
732 1444 823 1495 quam
838 1423 888 1481 lex
902 1423 965 1480 lata
979 1430 1075 1492 esset3
1093 1426 1118 1480 si
1133 1427 1186 1494 qui

288 1548 519 1615 intercessisset,
541 1563 589 1602 res
614 1548 735 1615 integra
758 1543 931 1602 referretur.
977 1544 1092 1614 Coepta
1113 1542 1188 1600 ferri

289 1665 408 1737 leviter,
423 1669 624 1722 intercessum·
637 1684 699 1721 non
713 1667 825 1735 invitis,
840 1683 888 1721 res
899 1663 939 1721 ad
949 1671 1098 1721 senatum.
1137 1663 1187 1722 De

290 1807 327 1844 ea
340 1806 373 1844 re
388 1790 431 1844 ita
446 1792 640 1856 censuerunt,
658 1787 780 1842 comitia
795 1788 893 1856 primo
910 1804 1030 1856 quoque
1047 1791 1188 1856 tempore
1251 1836 1252 1861 2

289 1908 395 1965 haberi
410 1926 475 1964 esse
490 1922 555 1964 ere
570 1904 698 1978 publica.

332 2028 470 2099 Scaurus,
481 2032 534 2099 qui
548 2035 614 2085 erat
627 2031 730 2099 paucis
745 2027 852 2085 diebus
866 2027 925 2085 illis
940 2027 1190 2099 absolutus,*cum

291 2163 349 2214 ego
362 2150 482 2215 partem
499 2146 563 2200 eius
583 2146 772 2200 ornatissime
792 2141 1010 2214 defendissem,
1024 2143 1189 2201 obnuntia-

289 2257 423 2314 tionibus
444 2276 500 2328 per
521 2254 697 2314 Scaevolam
722 2259 908 2327 interpositis
930 2256 1056 2327 singulis
1077 2255 1189 2318 diebus

291 2390 386 2441 usque
403 2370 442 2428 ad
459 2389 503 2441 pr.
522 2369 587 2426 Kal.
605 2369 729 2428 Octobr.
733 2413 742 2441 ,
756 2389 816 2440 quo
833 2389 892 2440 ego
910 2369 986 2427 haec
1003 2370 1054 2429 die
1071 2375 1189 2444 scripsi,

291 2483 416 2542 sublatis
430 2484 543 2556 populo
557 2484 696 2541 tributim
707 2482 789 2541 domi
801 2504 872 2542 suae
883 2488 955 2542 satis
966 2483 1090 2543 fecerat.
1125 2486 1189 2546 Sed

291 2606 405 2669 tamen,
431 2601 489 2656 etsi
513 2599 633 2655 uberior
661 2597 826 2655 liberalitas
853 2598 953 2670 huius,
977 2568 1092 2670 gratior
1120 2621 1189 2660 esse
1251 2666 1252 2671 ἵ

291 2712 451 2770 videbatur
467 2731 582 2783 eorum,
596 2715 649 2782 qui
665 2687 856 2784 occuparant.
901 2713 1051 2784 Cuperem
1067 2714 1189 2774 vultum
1251 2726 1252 2791 l

290 2825 394 2885 videre
409 2833 506 2896 tuum,
522 2845 590 2883 cum
605 2823 681 2883 haec
700 2824 834 2896 legeres3
853 2846 924 2883 nam
943 2825 1081 2898 profecto
1100 2848 1189 2901 spem

290 2938 385 2996 babes
407 2937 522 2996 nullam
546 2937 622 2996 haec
646 2942 771 3009 negotia
794 2939 958 2997 multarum
982 2940 1190 3002 nundinarum
1251 2956 1252 2961 ’

291 3053 364 3112 fore.
409 3051 472 3112 Sed
488 3059 611 3111 senatus
627 3051 719 3110 bodie
737 3052 837 3110 fuerat
853 3051 983 3125 futurus,
997 3052 1030 3111 id
1049 3059 1098 3113 est
1118 3055 1186 3128 Kal.
1251 3026 1252 3121 l

291 3147 475 3226 Octobribus
483 3186 491 3235 ;
505 3170 565 3223 iani
580 3171 662 3224 enim
676 3167 802 3224 luciseit.
844 3166 895 3224 ,Ibi
909 3167 1052 3238 loquetur
1065 3180 1189 3241 praeter
1251 3216 1252 3265 1

376 3280 435 3332 322
1251 3272 1252 3309 l
