2512 3958
431 334 601 393 MARCUS
622 324 804 393 TULLIUS
826 333 976 393 CICERO
996 422 999 426 b
1028 342 1031 346 ’

255 456 453 528 turpitudinis
481 456 680 514 vehementer
708 457 969 528 permovebantur.
982 464 997 497 ²¹
1016 457 1087 527 Hic,
1116 463 1155 513 ut

255 573 393 624 quaeque
408 552 509 657 reszd
531 547 688 610 consilium
704 556 812 624 'primis
830 543 1084 624 postulationibus
1104 572 1152 609 re·
1179 609 1189 622 ⁴

255 638 418 719 ferebatur,
438 646 623 706 incredibilis
646 656 711 705 erat
734 653 877 706 severitas
900 648 985 709 nulla
1004 653 1152 705 varietate

255 749 484 802 sententiarum.
512 743 597 801 Nihil
611 745 794 816 impetrabat
808 763 887 816 reus,
902 745 970 815 plus
985 747 1178 829 accusatori3
1207 771 1210 777 ·

255 840 392 911 dabatur,
407 859 498 911 quam
512 840 700 912 postulabat;
721 839 928 911 triumphabat
940 827 1037 922 (quid
1058 859 1151 911 quae-

254 924 327 1005 ris?)
349 937 532 993 Hortensius
552 955 584 993 se
599 934 708 993 vidisse
728 943 864 1005 tantum;
894 955 985 993 nemo
1007 943 1082 1006 erat,
1098 940 1151 1007 qui
1169 930 1172 935 ’

255 1031 340 1089 illum
352 1051 437 1089 reum
448 1052 482 1089 ac
494 1051 556 1089 non
566 1032 686 1090 miliens
697 1032 933 1091 condemnatum
943 1033 1148 1091 arbitraretur.
1163 1029 1169 1037 '

256 1129 309 1185 Me
333 1136 505 1205 veroteste
528 1127 676 1199 producto
699 1128 790 1186 credo
814 1136 847 1186 te
871 1147 908 1186 ex
933 1128 1149 1186 acclamatione

256 1223 343 1281 Clodi
357 1223 571 1282 advocatorum
581 1224 700 1282 audisse
712 1244 789 1295 quae
801 1228 1004 1299 consurrectio
1015 1224 1150 1282 iudicum

255 1319 335 1376 facta
350 1324 398 1389 sit,
414 1327 449 1376 ut
464 1339 512 1377 me
528 1323 794 1391 circumsteterint,
809 1327 845 1377 ut
859 1328 964 1392 aperte
979 1320 1082 1401 iugula
1096 1340 1150 1377 sua

202 1489 205 1498 1
254 1434 309 1486 pro
323 1435 392 1472 meo
407 1419 506 1486 capite
528 1414 558 1472 P.
576 1414 681 1473 Clodio
696 1419 886 1473 ostentarint.
910 1414 997 1487 Quae
1011 1415 1086 1473 mihi
1100 1435 1149 1473 res

253 1511 351 1568 multo
376 1509 621 1568 honorificentior
644 1515 706 1568 visa
730 1519 778 1569 est
800 1530 891 1582 quam
915 1519 968 1569 aut
992 1511 1053 1582 illa,
1079 1531 1149 1569 cum

254 1611 351 1663 iurare
371 1611 417 1663 tui
437 1611 517 1664 cives
539 1606 743 1665 Xenocratem
765 1611 973 1665 testimonium
994 1607 1149 1666 dicentem
1225 1626 1229 1635 ’

254 1701 484 1774 prohibuerunt,
510 1711 563 1761 aut
592 1723 661 1760 cum
688 1703 806 1762 tabulas
836 1703 956 1761 Metelli
985 1703 1148 1772 Numidici,
1180 1747 1185 1756 .

254 1819 323 1856 cum
338 1819 402 1872 eae,
417 1806 452 1857 ut
471 1819 536 1857 mos
557 1807 613 1870 e‘st,
629 1798 904 1871 circumferrentur,
919 1803 1014 1857 nostri
1034 1799 1149 1857 iudices
1217 1808 1226 1817 '

254 1899 387 1966 aspicere
403 1895 574 1952 noluerunt.
621 1895 721 1953 Multo
735 1895 821 1965 haec,
837 1898 969 1966 inquam,
985 1903 1087 1953 nostra
1101 1914 1149 1953 res

176 2021 178 2026 v
254 1995 355 2048 maior.
364 1990 509 2062 *altaque
529 1991 663 2049 iudicum
682 1992 813 2063 vocibus
829 2011 897 2049 cum
918 2011 975 2062 ego
995 1995 1037 2049 sic
1056 1992 1094 2049 ab
1114 1995 1149 2048 iis

254 2095 288 2144 ut
309 2087 388 2144 salus
409 2091 525 2160 patriae
545 2087 739 2158 defenderer,
755 2087 867 2145 fractus
883 2108 951 2145 reus
967 2095 999 2145 et
1018 2077 1079 2146 una
1097 2108 1148 2159 pa-

254 2187 335 2241 troni
354 2203 459 2241 omnes
480 2184 695 2253 conciderunt3
716 2183 755 2241 ad
775 2203 825 2241 me
845 2192 948 2242 autem
963 2184 1071 2242 eadem
1090 2183 1148 2241 fre-

255 2284 380 2350 quentia
396 2280 542 2351 postridie
563 2284 715 2350 eonvenit‚
730 2299 859 2351 quacum
873 2281 978 2338 abiens
992 2280 1149 2337 consulatu

255 2394 321 2431 sum
332 2374 456 2433 domurn
467 2376 618 2433 reductus.
644 2376 780 2433 Clamare
791 2376 936 2446 praeclari
947 2375 1150 2447 Areopagitae

255 2490 287 2528 se
297 2490 359 2527 non
368 2490 433 2528 esse
443 2478 586 2529 venturos
595 2476 653 2529 nisi
662 2470 811 2543 praesidio
820 2475 993 2529 constituto.
1009 2471 1150 2528 Refertur

254 2565 293 2623 ad
319 2566 485 2624 consilium.
532 2568 601 2626 Una
623 2567 686 2625 sola
709 2571 862 2625 sententia
883 2566 1067 2638 praesidium
1088 2587 1149 2624 non

255 2661 446 2720 desideravit.
493 2662 640 2720 Defertur
653 2682 701 2720 res
715 2662 754 2720 ad
774 2670 921 2720 senatum.
968 2662 1148 2720 Gravissime

255 2762 504 2829 ornatissimeque
520 2758 710 2827 decernitur3
731 2757 894 2816 laudantur
909 2758 1038 2827 iudices3
1060 2758 1149 2816 datur

255 2858 413 2924 negotium
448 2855 680 2925 magistratibus.
736 2854 960 2926 Responsbrum
995 2854 1148 2912 hominem

254 2969 345 3008 nemo
358 2950 567 3008 arbitrabatur.
929 2942 931 2945 ¹

1228 614 1244 651 'l

459 3112 582 3172 Ἕσπέτε
598 3113 647 3172 νῦν
661 3138 716 3186 μοι,
734 3113 850 3173 Μοῦσαι
865 3150 907 3158 -

463 3215 558 3278 ὃππως
573 3214 607 3288 δὴ
621 3216 734 3287 πρῶτον
747 3216 804 3289 πῦρ
819 3206 929 3291 ἔμπέσε.

339 3306 376 3357 52
