2526 3850
441 280 611 341 MARCUS
632 279 815 341 TULLIUS
836 279 987 342 CICERO

266 422 383 461 summa
402 409 459 473 est,
474 409 579 460 tamen
593 402 678 463 nulla
691 421 757 461 esse
777 409 880 474 potest
898 410 995 474 tanta,
1013 409 1048 460 ut
1067 408 1168 462 inter-=

266 517 387 581 rumpat
400 512 461 568 iter
474 513 583 568 amoris
597 513 693 568 nostri
707 517 741 568 et
755 511 842 567 officii
856 514 925 568 mei.
942 510 1031 582 Nam,
1043 518 1078 568 ut
1092 515 1166 568 veni

269 612 404 681 Romam,
427 616 539 669 iterum
564 632 647 668 nunc
672 632 738 670 sum
764 616 874 689 certior
900 611 997 670 factus
1023 632 1089 673 esse
1115 616 1166 670 cui

267 711 372 775 darem
385 712 520 782 litteras;
539 717 643 785 itaque
658 713 712 771 has
726 714 837 771 alteras
851 713 932 772 dedi.

310 814 461 873 Prioribus
488 815 546 872 tibi
574 814 735 886 declaravi,
759 815 910 874 adventus
938 823 1043 874 noster
1067 815 1166 888 qualis

267 915 384 987 fuisset,
400 920 513 988 etquis
529 924 610 976 esset
629 923 736 988 status,
751 925 844 989 atque
859 937 965 975 omnes
979 937 1028 976 res
1041 924 1165 976 nostrae

266 1043 359 1097 quem
372 1024 412 1082 ad
426 1025 551 1082 modum
565 1032 678 1096 essent,

324 1118 395 1192 “Ut
409 1137 441 1189 in
456 1131 598 1214 secundis
612 1131 720 1203 fluxae,
736 1140 771 1190 ut
785 1136 817 1189 in
832 1131 966 1190 advorsis
980 1133 1106 1190 bonae.”

268 1226 340 1286 Post
359 1227 425 1286 illas
446 1228 532 1287 datas
551 1228 670 1286 litteras
685 1235 790 1286 secuta
805 1236 852 1286 est
871 1248 989 1287 summa
1008 1232 1167 1286 contentio

267 1323 416 1382 dedomo.
442 1323 582 1382 Diximus
592 1324 673 1396 apud
688 1323 848 1395 pontifices
862 1344 906 1396 pr.
921 1322 987 1381 Kal.
1004 1324 1164 1383 Octobres.

267 1419 347 1476 Acta
366 1438 414 1477 res
434 1426 482 1477 est
500 1427 641 1477 accurate
658 1439 676 1476 a
690 1420 787 1490 nobis,
803 1427 845 1491 et,
861 1424 886 1477 si
905 1439 1049 1491 umquam
1067 1424 1099 1476 in
1119 1419 1166 1477 di-

268 1514 366 1573 cendo
387 1513 499 1573 fuimus
521 1515 645 1587 aliquid,
667 1522 720 1573 aut
746 1520 838 1573 etiam
860 1519 886 1573 si
906 1535 1072 1587 numquam
1092 1514 1166 1573 alias

267 1609 388 1681 fuimus,
403 1618 471 1669 tum
481 1609 619 1682 profecto
629 1610 740 1669 doloris
751 1610 930 1683 magnitudo
941 1615 1003 1677 vim
1013 1609 1166 1682 quandam

267 1707 354 1783 uobis
368 1707 491 1765 dicendi
505 1706 600 1765 dedit.
634 1707 742 1778 Itaque
757 1712 853 1765 oratio
872 1710 1025 1769 iuventuti
1044 1715 1166 1765 nostrae

268 1802 374 1863 deberi
389 1822 451 1861 non
465 1809 583 1875 potest3
605 1823 697 1875 quam
710 1805 777 1873 tibi,
790 1807 909 1861 etiamsi
923 1823 986 1860 non
1000 1802 1166 1873 desideras,

267 1906 374 1958 tamen
391 1902 513 1956 mittam
532 1902 601 1957 cito.
646 1899 723 1957 Cum
742 1898 901 1971 ‘pontifices
921 1898 1097 1965 decressent
1111 1902 1166 1969 ita,

268 1994 300 2054 Sr
315 2012 410 2060 unove
424 2013 526 2053 rorum
541 2013 618 2053 rvssv
632 2013 727 2060 unove
741 2013 838 2052 ranan
855 2013 941 2052 scmv*
950 2013 984 2066 rs,
996 2013 1044 2060 ovi
1062 2012 1094 2050 su
1112 2012 1166 2051 un-

268 2109 384 2148 nrcussr.
405 2108 541 2162 menum,
563 2108 736 2148 uomuurnr
758 2109 789 2148 ur
810 2109 858 2148 nm
880 2108 1062 2148 enarramus
1082 2109 1167 2149 assur

268 2204 363 2252 nuova
382 2205 483 2244 rervm
503 2206 579 2244 ivssv
598 2205 656 2244 avr
674 2205 772 2244 runnrs
791 2184 879 2244 semu
894 2205 925 2243 1n
945 2205 1056 2244 menna
1076 2205 1167 2245 1vssvs

269 2301 362 2354 resur,
377 2301 478 2341 vmnru
492 2301 576 2340 rosan
590 2301 656 2339 siun
671 2301 830 2340 armorum:
850 2301 910 2339 mu
932 2300 1051 2340 runrsu
1069 2301 1167 2346 nusae

268 2397 338 2436 unu
353 2396 496 2449 nasrlrvr,
510 2377 586 2435 mihi
600 2377 681 2437 facta
695 2383 798 2437 statim
816 2386 863 2437 est
877 2379 1055 2450 gratulati03
1075 2399 1167 2437 nemo

269 2479 352 2533 enim
366 2474 535 2545 dubitabat,
550 2478 624 2546 quin
644 2475 751 2533 domus
769 2476 856 2533 nobis
878 2481 959 2533 esset
979 2474 1168 2533 adiudicata:

269 2591 340 2629 cum
358 2571 458 2629 subito
472 2570 524 2629 ille
538 2575 572 2628 in
586 2575 761 2629 contionem
776 2570 924 2641 escendit,
939 2590 1030 2642 quam
1049 2570 1167 2643 Appius

269 2671 300 2726 ei
312 2666 407 2725 dedit.
432 2667 563 2724 Nuntiat
577 2671 638 2724 iam
652 2667 764 2739 populo
778 2665 937 2739 pontifices
952 2666 1120 2724 secundum
1135 2686 1167 2725 se

269 2763 449 2834 decrevisse,
477 2782 527 2820 me
556 2769 660 2820 autem
688 2766 718 2820 vi
746 2766 848 2820 conari
881 2767 913 2820 in
947 2766 1168 2834 possessionem

269 2862 390 2927 venire3
404 2858 553 2931 hortatur,
563 2865 599 2916 ut
613 2878 645 2917 se
658 2866 690 2917 et
705 2858 841 2930 Appium
855 2866 1022 2930 sequantur
1037 2865 1070 2916 et
1084 2878 1168 2916 suam

271 2955 460 3014 Libertatem
474 2959 504 3012 vi
518 2954 697 3013 defendant.
732 2955 793 3012 Hic
808 2974 877 3012 cum
892 2959 985 3012 etiam
999 2954 1044 3011 illi
1058 2953 1168 3012 infirmi

269 3056 381 3124 partim
415 3051 662 3122 admirarentur,
682 3054 794 3124 partim
834 3051 998 3109 irriderent
1039 3050 1170 3123 hominis

270 3151 445 3218 amentiam,
470 3166 529 3223 ego
554 3154 720 3209 statueram
744 3147 817 3208 illuc
845 3166 908 3209 non
932 3144 1089 3219 accedere,
1112 3150 1171 3206 nisi

355 3246 415 3309 266
