2494 3854
387 340 395 361 ι
435 321 605 380 Marcus
626 290 809 381 Turnus
830 320 980 380 emmo

259 443 405 520 Saliarem
433 447 465 500 in
493 442 625 500 modum.
671 441 762 499 Actio
786 441 947 499 maluimus
972 445 1031 500 iter
1056 442 1156 503 lacere

259 538 398 610 pedibus,
412 542 465 610 qui
484 529 759 596 incommodissime
779 542 1014 608 navigassemus,
1029 545 1063 596 et
1077 538 1156 598 Leu-

259 643 359 693 catam
377 634 501 693 flectere
520 634 684 692 molestum
703 633 874 704 videbatur,
893 637 1034 692 actuariis
1052 642 1157 694 autem

259 735 384 788 minutis
400 730 504 788 Patras
518 730 664 788 accedere
679 733 745 787 sine
759 728 988 801 impedimentis
1005 749 1068 788 non
1085 736 1157 790 satis

259 831 356 884 visum
371 834 419 884 est
432 826 584 885 decorum.
623 825 699 897 Ego,
714 833 750 883 ut
764 844 854 898 saepe
868 833 904 883 tu
917 845 967 883 me
983 835 1157 885 currentem

259 922 397 980 hortatus
417 941 459 993 es,
479 921 592 980 cotidie
611 921 753 992 meditor,
772 925 925 993 praecipio
942 926 1029 992 meis,
1048 921 1158 982 faciam

259 1018 403 1090 denique,
418 1025 454 1076 ut
472 1038 589 1076 summa
609 1017 759 1075 modestia
781 1024 822 1081 et,
835 1037 953 1075 summa
972 1019 1159 1077 abstinentia

259 1134 370 1172 munus
397 1114 455 1172 hoc
484 1113 755 1172 extraordinarium
782 1113 983 1172 traducamus.
1028 1114 1157 1173 Parthus

260 1210 352 1268 velim
366 1214 512 1282 quiescat,
525 1217 563 1268 et
579 1209 702 1268 fortuna
718 1228 774 1267 nos
791 1213 886 1280 iuvet,
904 1217 1008 1268 nostra
1024 1218 1158 1282 praesta-

258 1306 365 1364 bimus.

301 1400 358 1472 Tu,
373 1420 494 1472 quaeso,
509 1401 583 1472 quid
596 1420 678 1472 agas,
692 1401 745 1459 ubi
756 1420 876 1472 quoque
887 1408 1026 1473 tempore
1037 1401 1157 1463 futurus

219 1565 220 1568 Ἴ
260 1501 309 1568 sis,
324 1496 429 1568 quales
447 1515 496 1554 res
515 1503 633 1554 nostras
654 1497 766 1555 Romae
785 1496 952 1568 reliqueris,
966 1502 1097 1556 maxime
1117 1499 1157 1558 de

260 1594 309 1651 x‘x
322 1600 355 1650 et
368 1593 460 1651 ’ῡῑόὂ
475 1611 545 1650 cura
560 1600 595 1651 ut
609 1597 745 1650 sciamus.
790 1591 828 1650 ld
842 1597 910 1651 unis
924 1593 1090 1665 diligenter
1106 1594 1158 1653 lit-

259 1692 333 1747 teris
354 1689 443 1760 datis,
465 1707 543 1760 quae
564 1688 603 1746 ad
624 1708 674 1746 me
699 1693 805 1760 utique
828 1688 1030 1761 perferantur,
1051 1709 1158 1749 conse-
1239 1714 1240 1769 ς

259 1804 362 1855 quere.
407 1784 489 1844 Illud
502 1792 617 1856 tamen,
629 1788 771 1856 quoniam
782 1804 864 1843 nunc
878 1785 959 1856 abes,
971 1804 1041 1843 cum
1051 1785 1083 1843 id
1093 1807 1159 1845 non
1239 1820 1240 1825 κ

259 1885 369 1951 agitur,
383 1880 483 1938 aderis
504 1868 668 1938 autem’ad
689 1887 821 1952 tempus,
840 1887 876 1938 ut
896 1879 972 1938 mihi
992 1885 1159 1955 rescripsti,

260 1983 417 2034 memento
442 1995 546 2033 curare
570 1995 626 2047 per
650 1983 683 2033 te
709 1983 742 2033 et
766 1995 822 2047 per
846 1995 951 2034 omnes
969 1984 1098 2049 nostros,
1125 1983 1159 2037 in

260 2076 364 2143 primis
379 2091 434 2143 per
449 2072 661 2142 Hortensium,
676 2079 712 2129 ut
725 2091 822 2130 annus
839 2079 944 2130 noster
962 2080 1086 2131 maneat
1103 2094 1160 2133 suo

261 2175 353 2239 statu,
364 2187 404 2226 ne
419 2167 493 2239 quid
507 2172 578 2225 novi
593 2167 783 2226 decernatur.
822 2168 892 2225 Hoc
906 2167 963 2225 tibi
977 2173 1021 2227 ita
1033 2170 1160 2242 mando,

260 2271 295 2321 ut
309 2263 458 2335 dubitem,
473 2284 513 2321 an
527 2249 667 2321 etiam'te
682 2282 797 2333 rogem,
812 2270 847 2321 ut
860 2282 989 2335 pugnes,
1004 2283 1044 2321 ne
1060 2254 1160 2325 inter-
1239 2294 1240 2337 1

259 2359 383 2417 caletur.
428 2359 490 2418 Sed
504 2378 567 2416 non
580 2359 678 2417 audeo
692 2359 750 2415 tibi
763 2363 865 2416 omnia
878 2378 971 2417 onera
984 2363 1160 2432 imponere3
1239 2362 1240 2369 ’

260 2474 375 2512 annum
389 2454 515 2526 quidem
529 2459 635 2526 utique
649 2461 765 2513 teneto.

303 2550 408 2608 Cicero
428 2569 524 2622 meus,
543 2550 783 2609 modestissimus
805 2558 837 2607 et
858 2555 1048 2609 suavissimus
1070 2572 1159 2626 puer,
1239 2548 1240 2551 ¹

261 2647 317 2704 tibi
331 2646 461 2705 salutem
482 2646 565 2704 dicit.
610 2646 790 2718 Dionysium
812 2665 933 2719 semper
953 2647 1108 2722 equidem,
1123 2658 1160 2709 ut

260 2747 327 2813 scis,
342 2742 445 2814 dilexi,
460 2742 515 2801 sed
529 2741 641 2800 cotidie
660 2741 754 2814 pluris
773 2741 860 2814 facio,
880 2750 913 2801 et
931 2743 1108 2804 mehercule
1126 2751 1160 2804 in
1239 2772 1240 2775 ¹

262 2841 366 2910 primis
381 2838 463 2911 quod
480 2845 512 2898 te
534 2844 616 2897 amat
637 2858 694 2896 nec
716 2842 761 2896 tui
783 2843 973 2898 mentionem
993 2843 1162 2901 intermitti

260 2938 340 2994 sinit.
