2498 3850
453 287 624 346 MARCUS
645 284 827 344 TULLIUS
849 282 999 342 CICERO

167 486 170 493 Ι
277 410 520 482 magnitudinem
534 412 721 465 miseriarum
735 426 871 463 mearum
885 409 1056 477 perspicere
1067 393 1169 476 possis)

277 516 412 568 animum
429 510 573 567 inducere
590 529 653 565 non
669 513 765 579 potui,
780 515 815 565 ut
832 515 886 564 aut
902 506 989 563 illum
1006 511 1170 565 amantissi-

276 632 360 668 mum
374 615 445 682 mei,
460 610 635 668 mollissimo
656 613 757 665 animo
778 615 865 665 tanto
886 612 919 664 in
939 626 1075 664 maerore
1096 612 1170 678 aspi-

277 731 378 769 cerem
392 719 445 769 aut
459 731 541 768 meas
555 714 689 768 miserias
703 708 788 766 luctu
806 695 954 765 adflictus¹
973 715 1006 765 et
1023 708 1170 779 perditam

278 812 431 870 fortunam
439 812 484 870 illi
492 811 630 869 offerrem
639 819 693 868 aut
701 811 740 868 ab
749 810 802 867 illo
809 814 902 881 aspici
910 817 1039 881 paterer.
1059 811 1171 880 'Atque

279 918 372 971 etiam
388 913 464 970 illud
481 913 637 995 timebam,
655 911 736 983 quod
757 910 894 983 profecto
913 910 1082 982 accidisset,
1098 931 1137 969 ne
1154 933 1172 968 a

278 1034 327 1072 me
339 1014 458 1086 digredi
468 1034 531 1070 non
541 1022 651 1085 posset.
686 1013 872 1075 Versabatur
879 1011 955 1069 mihi
965 1019 1087 1083 tempus
1098 1012 1171 1070 illud

278 1123 350 1172 ante
370 1115 482 1186 oculos,
500 1135 569 1172 cum
592 1114 644 1171 ille
661 1122 715 1171 aut
737 1113 858 1170 lictores
874 1112 1047 1170 dimitteret
1069 1121 1122 1170 aut
1143 1119 1172 1170 vi

277 1216 460 1274 avelleretur
488 1236 526 1273 ex
554 1214 713 1286 complexu
742 1233 818 1271 meo.
872 1200 973 1271 Huius
1001 1214 1172 1272 acerbitatis

278 1317 536 1375 eventum'altera
552 1317 719 1379 acerbitate
736 1320 803 1397 non
816 1314 940 1372 videndi
957 1315 1057 1373 fratris
1072 1319 1181 1395 vitari:
1238 1354 1239 1359 κ

257 1469 259 1473 ,
279 1416 316 1473 In
337 1417 419 1474 hunc
440 1437 490 1474 me
512 1410 613 1474 casum
632 1437 684 1493 vos
700 1416 822 1473 vivendi
843 1424 982 1473 auctores
1003 1416 1170 1487 impulistis
1189 1414 1198 1426 ’

279 1516 387 1588 Itaque
401 1522 462 1574 mei
476 1516 594 1588 peccati
608 1516 659 1574 luo
673 1536 793 1587 poenas.
838 1515 1031 1588 Quamquam
1041 1536 1090 1574 me
1101 1497 1173 1579 tuae

277 1618 398 1676 litterae
410 1626 593 1689 sustentant,
604 1638 641 1675 ex
653 1618 770 1689 quibus,
780 1625 928 1688 quantum
938 1625 974 1675 tu
985 1623 1049 1690 ipse
1061 1638 1174 1690 speres,

277 1718 366 1778 facile
386 1723 553 1790 perspici03
576 1738 653 1789 quae
675 1717 799 1803 quidem
820 1726 925 1776 tamen
946 1706 1068 1790 aliquid*
1080 1719 1173 1778 habe-

278 1821 353 1877 bant
367 1819 478 1889 solacii‚
493 1827 656 1890 antequam
672 1839 708 1876 eo
726 1823 836 1877 venisti
852 1840 871 1875 a
889 1819 1042 1891 Pompeio,
1053 1805 1074 1832 “
1083 1821 1174 1878 Nunc

279 1920 480 1977 Hortensium
494 1920 581 1977 allice
598 1928 630 1977 et
645 1924 709 1977 eius
723 1919 806 1977 modi
820 1918 926 1977 viros.”
972 1921 1118 1994 Obsecro,
1132 1927 1175 1979 mi

279 2020 434 2091 Pomponi,
453 2020 588 2077 nondum
608 2025 762 2091 perspicis
780 2040 907 2090 quorum
927 2040 1027 2092 opera,
1046 2041 1175 2092 quorum

277 2121 402 2191 insidiis,
415 2140 542 2192 quorum
554 2120 667 2178 scelere
679 2121 878 2192 perierimus?
911 2121 972 2180 Sed
984 2129 1088 2180 tecum
1099 2123 1175 2181 haec
1238 2162 1239 2193 ,

175 2224 180 2236 ‘
277 2227 378 2279 omnia
400 2242 499 2279 coram
520 2240 663 2292 agemus;
694 2229 815 2279 tantum
839 2221 917 2292 dico,
940 2222 1021 2293 quod
1043 2229 1120 2281 scire
1141 2232 1175 2282 te
1238 2198 1239 2293 l

277 2330 362 2393 puto,
374 2342 428 2379 nos
442 2342 504 2378 non
515 2326 638 2391 inimici,
650 2321 704 2379 sed
715 2321 809 2378 invidi
820 2321 1028 2393 perdiderunt.
1074 2325 1176 2397 Nunc,

278 2426 302 2479 si
317 2427 360 2479 ita
375 2430 547 2495 sunt„quae
563 2442 674 2494 speras,
690 2423 904 2480 sustinebimus
919 2444 973 2481 nos
988 2432 1021 2481 et
1036 2445 1100 2496 spe,
1115 2446 1177 2497 qua

277 2523 372 2592 iubeS,
391 2527 524 2580 nitemur
534 2542 541 2592 ;
564 2527 620 2593 sin,
638 2532 674 2580 ut
691 2523 767 2580 mihi
784 2523 935 2596 videntur,
955 2524 1073 2582 infirma
1092 2536 1177 2599 sunt,
1238 2576 1239 2599 ,

278 2622 359 2694 q'uod
373 2628 488 2694 optimo
502 2632 639 2695 tempore
654 2623 754 2682 facere
769 2645 831 2681 non
845 2625 942 2696 licuit,
952 2630 1052 2684 minus
1064 2627 1178 2686 idoneo
1237 2666 1239 2685 ⁴

277 2723 338 2781 fiet.

319 2823 463 2881 Terentia
472 2825 529 2881 tibi
541 2844 631 2895 saepe
642 2828 707 2895 agit
717 2830 837 2895 gratias.
884 2826 961 2883 Mihi
974 2832 1067 2885 etiam
1078 2849 1178 2888 unum

277 2918 316 2976 de
330 2919 417 2976 malis
431 2924 463 2975 in
480 2927 565 2977 metu
583 2927 640 2990 est,
655 2920 756 2978 fratris
773 2925 875 2978 miseri
892 2928 1070 2999 negotium3
1092 2926 1179 2997 quod

276 2994 300 3071 si
316 3019 407 3071 sciam
422 3019 505 3072 cuius
520 3015 601 3072 modi
614 3020 662 3085 sit,
675 3021 775 3086 sciam,
788 3016 861 3087 quid
872 3017 1026 3088 agendum
1037 3021 1113 3079 mihi
1126 3027 1176 3080 sit.

482 3136 622 3186 'adflictus
635 3138 720 3196 Rern
739 3122 867 3188 adflictas
879 3139 956 3189 Mss
1238 3112 1239 3115 ¹

359 3239 419 3290 210
