2526 3850
23 1410 28 1443 ι
71 1441 130 1500 Ser.
148 1441 261 1512 Dyrra-

71 1525 115 1583 cti
130 1524 179 1582 IV
192 1524 236 1582 Id.

71 1609 141 1667 Dec.
158 1629 184 1667 a.
200 1608 261 1665 696

455 321 625 381 MARCUS
647 320 829 381 TULLIUS
852 321 1002 380 CICERO

279 446 581 526 aerumnosissimam,
610 450 763 501 sustentes
790 447 855 500 -tuis
887 443 996 500 officiis.
1051 443 1116 516 Euro
1140 448 1169 501 in

280 551 406 622 Epirum
429 551 607 623 proficiscar,
631 572 700 610 cum
723 555 887 623 primorum
912 552 1030 610 dierum
1055 556 1171 612 nuntios

281 679 437 731 excepero.
481 660 528 718 Tu
550 660 658 718 adme
678 660 770 718 velim
789 665 931 731 proximis
950 660 1071 732 litteris,
1091 670 1124 720 ut
1141 681 1171 720 se

280 771 368 826 initia
381 768 534 840 dederint,
548 770 721 839 perscribas.

324 876 405 934 Data
419 876 515 948 pridie
533 877 598 934 Kal.
619 877 780 935 Decembr.

680 1230 785 1289 XXIV

573 1358 677 1396 crcuuo
700 1358 806 1397 mico
828 1358 886 1396 suu.

325 1448 437 1519 Antea,
463 1431 532 1505 cum
556 1447 595 1505 ad
619 1468 669 1506 me
693 1451 885 1520 scripsissetis
907 1456 1008 1506 vestro
1032 1468 1178 1508 consensu

284 1556 441 1614 consulum
455 1560 622 1628 provincias
637 1564 756 1614 ornatas
774 1576 850 1628 esse,
866 1560 923 1614 etsi
940 1558 1076 1628 verebar,
1090 1576 1178 1629 quor-

283 1686 350 1724 sum
371 1653 403 1723 id
423 1685 561 1723 casurum
580 1673 671 1736 esset,
694 1673 798 1722 tamen
818 1658 976 1736 sperabam
994 1685 1047 1723 vos
1065 1665 1181 1737 aliquid

283 1773 445 1846 aliquando
467 1773 575 1831 vidisse
598 1773 790 1845 prudentius3
812 1781 1030 1845 posteaquam
1050 1774 1126 1832 mihi
1148 1783 1182 1833 et

284 1883 401 1941 dictum
410 1890 457 1940 est
466 1889 499 1939 et
510 1886 656 1952 scriptum
667 1881 867 1939 vehementer
878 1883 1037 1959 consilium
1046 1890 1183 1941 vestrum
1239 1956 1240 1959 Ἰ

284 1990 478 2063 reprehendi,
500 2010 567 2048 sum
587 1994 721 2062 graviter
742 1998 920 2061 commotus,
941 1991 1023 2062 quod
1043 1991 1096 2048 illa
1117 1996 1185 2064 ipsa
1239 1988 1240 2035 7

285 2119 353 2172 spes
369 2103 488 2171 exigua,
503 2119 580 2170 quae
596 2106 671 2170 erat,
683 2099 838 2157 videretur
849 2119 915 2157 esse
927 2099 1051 2157 sublata
1091 2101 1184 2172 Nam,

285 2212 310 2267 si
324 2209 439 2267 tribuni
453 2208 492 2280 pl.
507 2208 593 2265 nobis
608 2215 796 2277 suscensent,
808 2227 885 2279 quae
900 2216 1003 2278 potest
1017 2227 1085 2279 spes
1099 2211 1184 2267 esse?

285 2317 331 2375 Ac
346 2316 488 2374 videntur
502 2321 567 2373 iure
582 2335 767 2386 suscensere,
779 2336 848 2373 cum
863 2323 895 2373 et
910 2324 1050 2387 expertes
1065 2318 1187 2376 consilii

285 2425 400 2483 fuerint
415 2428 453 2496 ei,
465 2428 517 2495 qui
532 2444 651 2482 causam
665 2432 800 2482 nostram
814 2432 1020 2495 susceperant,
1032 2433 1065 2483 et
1079 2434 1189 2485 nostra
1231 2476 1236 2485 .

286 2537 478 2591 concessione
495 2553 618 2590 omnem
635 2536 696 2589 vim
714 2537 759 2590 sui
777 2536 849 2590 iuris
866 2536 1032 2603 amiserint,
1046 2553 1188 2605 praescr·

285 2646 342 2700 titn
361 2661 431 2698 curn
450 2645 493 2698 ita
516 2641 630 2710 dicant,
653 2660 685 2698 se
709 2648 812 2698 nostra
835 2661 923 2698 causa
946 2641 1074 2699 voluisse
1098 2662 1190 2702 suam

285 2756 471 2822 potestatem
490 2768 555 2807 esse
576 2748 615 2807 de
636 2749 808 2807 consulibus
828 2749 980 2820 ornandiS,
997 2770 1060 2807 non
1077 2733 1115 2809 ut
1134 2771 1191 2810 eos

285 2857 480 2929 impedirent,
495 2858 549 2915 sed
563 2865 599 2915 ut
616 2857 655 2915 ad
674 2865 808 2915 nostram
828 2877 948 2915 causam
966 2857 1192 2930 adiungerent3

286 2986 377 3036 nnnc,
392 2970 418 3023 si
433 2966 571 3024 consules
585 2986 603 3022 a
617 2966 704 3023 nobis
719 2964 878 3023 alieniores
893 2985 958 3023 csse
973 2966 1080 3037 velint,
1095 2987 1192 3039 posse

285 3075 318 3133 id
331 3075 427 3132 libere
442 3073 556 3142 facere3
572 3078 618 3131 sin
633 3074 730 3132 velint
740 3082 843 3132 nostra
854 3094 952 3145 causa,
963 3074 1040 3132 nihil
1051 3094 1144 3146 posse
1157 3096 1195 3135 se
1239 3096 1240 3109 ¹

286 3188 396 3242 invitis.
441 3183 531 3254 Nam,
551 3183 633 3254 quod
653 3183 767 3255 scribis,
788 3187 821 3242 ni
842 3187 886 3239 ita
904 3184 988 3241 vobis
1010 3183 1197 3258 placuisset,

370 3285 430 3337 252
