2480 3862
432 352 602 411 MARCUS
623 349 806 410 TULLIUS
828 344 978 410 CICERO

257 475 301 532 At
321 483 354 532 te
375 472 456 546 apud
479 493 559 543 eum,
581 472 612 529 di
635 472 717 541 boni,
739 479 853 542 quanta
875 476 908 527 in
930 476 1029 541 gratia
1051 472 1154 543 posui!

258 584 355 654 Eique
369 583 432 652 legi
446 581 564 657 litteras
578 600 640 637 non
654 588 731 651 tuas,
746 579 801 637 sed
814 579 928 637 librarii
941 583 996 637 tui.

299 691 474 748 Amicorum
493 689 614 746 litterae
629 708 679 745 me
694 687 733 745 ad
752 688 941 759 triumphum
955 680 1076 758 uocant,
1092 709 1156 746 rem

256 820 275 856 a
291 799 388 869 nobiS,
402 806 438 856 ut
458 817 515 868 ego
532 799 679 868 arbitror,
684 803 809 868 propter
828 795 907 852 hanc
926 794 1157 866 παλιγγενεσίαν

256 915 391 965 nostram
413 926 475 963 non
500 905 733 976 neglegendam.
778 903 881 976 Quare
902 912 937 961 tu
959 924 1093 976 quoque,
1115 909 1157 963 mi

257 1016 372 1086 Attice,
386 1019 486 1086 incipe
501 1014 533 1071 id
548 1033 670 1085 cupere,
685 1033 745 1084 quo
759 1033 814 1070 nos
828 1017 928 1071 minus
943 1016 1042 1084 inepti
1053 1013 1156 1071 videa-

181 1140 186 1147 ·
255 1143 330 1182 mur.

548 1381 652 1420 CICERO
673 1381 780 1419 ATTICO
801 1382 859 1420 SAL.

44 1483 102 1540 Ser,
123 1482 207 1539 Tarsi
299 1471 432 1543 Quintus
450 1472 528 1528 filius
544 1475 594 1541 pie
615 1490 686 1528 sane
706 1490 755 1527 me
775 1471 900 1540 quidem
919 1479 1003 1528 certe
1023 1473 1156 1530 multum

44 1574 110 1705 §met
122 1566 177 1622 11]
187 1565 225 1622 K·
257 1580 410 1650 hortante,
434 1579 488 1636 sed
513 1586 696 1648 currentem,
720 1583 854 1635 animum
879 1583 973 1650 patris
994 1584 1041 1637 sui
1062 1585 1157 1638 sorori

66 1670 99 1706 ex
111 1693 117 1705 .

134 1670 160 1706 a·
179 1649 239 1718 704
257 1695 328 1746 tuae
348 1687 561 1746 reconciliavit.
606 1686 685 1743 Eum
704 1685 792 1743 valde
811 1694 882 1744 tuae
901 1687 1024 1745 litterae
1042 1693 1156 1746 excita-

255 1804 337 1878 runt.
382 1794 466 1866 Quid
479 1795 616 1865 quaeris?
638 1793 756 1851 confido
771 1814 845 1864 rem,
860 1801 896 1851 ut
914 1794 1062 1866 volumuS,
1078 1816 1154 1855 esse.

299 1903 350 1960 Bis
364 1903 404 1960 ad
418 1911 450 1960 te
465 1909 557 1959 antea
571 1906 674 1973 scripsi
690 1901 729 1959 de
743 1921 776 1959 re
787 1922 857 1959 mea
867 1901 1015 1973 familiari,
1026 1907 1051 1960 si
1063 1905 1158 1963 modo

257 2012 313 2069 tibi
328 2011 466 2068 redditae
481 2010 603 2067 litterae
618 2017 699 2080 sunt,
715 2009 833 2067 Graece
849 2007 877 2067 ἔν
895 2007 1043 2081 αἰνιγμοῖς.
1092 2012 1157 2071 Sci-

257 2120 332 2178 licet
353 2118 429 2176 nihil
451 2126 499 2176 est
519 2117 705 2175 movendum
712 2137 720 2187 ;
742 2117 797 2175 sed
817 2125 922 2175 tamen
946 2116 1063 2188 ἀφελῶς
1087 2141 1157 2192 per-

258 2227 410 2286 contando
431 2227 470 2284 de
492 2227 664 2283 nominibus
686 2225 810 2284 Milonis
832 2233 875 2296 et,
894 2235 931 2284 ut
950 2227 1106 2301 expediat,
1122 2238 1158 2288 ut

257 2336 333 2394 mihi
347 2339 507 2406 receperit,
522 2333 683 2404 hortando,
696 2333 812 2404 aliquid
826 2341 861 2392 tu
875 2334 1019 2406 proficies.

299 2443 365 2514 Ego
380 2442 547 2500 Laodiceae
565 2449 758 2512 quaestorem
775 2441 958 2500 Mescinium
974 2452 1157 2514 exspectare

256 2541 338 2619 iussi,
347 2521 388 2609 ‘ut
402 2550 556 2608 confectas
570 2554 702 2607 rationes
716 2529 786 2620 lege
802 2548 880 2607 Iulia
893 2550 974 2622 apud
990 2549 1067 2610 duas
1082 2558 1157 2612 civi-

256 2668 336 2718 tates
360 2679 480 2731 possem
505 2658 686 2728 relinquere.
733 2657 873 2715 Rhodum
898 2659 966 2719 volo
989 2679 1158 2730 puerorum

257 2788 354 2839 causa,
369 2768 442 2825 inde
457 2771 693 2837 quamprimum
703 2765 852 2836 Athenas,
864 2771 923 2824 etsi
937 2772 1051 2826 etesiae
1067 2771 1159 2831 valde

257 2875 380 2944 reflant;
402 2875 456 2933 sed
470 2874 561 2945 plane
572 2874 640 2931 volo
654 2875 702 2931 his
716 2874 951 2946 magistratibus,
962 2895 1094 2946 quorum
1105 2899 1158 2937 vo-

257 2984 408 3043 luntatem
423 2987 455 3039 in
470 2982 690 3052 supplicatione
705 3001 771 3038 sum
791 2990 943 3052 expertus.
987 2983 1035 3042 Tu
1049 2993 1157 3045 tamen

257 3097 346 3150 mitte
366 3090 451 3161 mihi,
472 3109 593 3161 quaeso,
613 3090 731 3147 obviam
750 3089 877 3160 litteren,
896 3092 1046 3163 numquid
1065 3103 1158 3165 putes

257 3205 301 3264 rei
315 3199 453 3271 publicae
468 3202 591 3255 nomine
606 3196 790 3256 tardandum
807 3216 873 3255 esse
889 3199 984 3256 nobis.
1030 3199 1158 3268 Tiroad

341 3300 401 3359 474
