2498 3850
441 298 611 357 MARCUS
633 296 815 356 TULLIUS
837 295 987 354 CICERO

157 462 159 466 -
266 440 325 492 ego
347 420 396 477 vel
419 438 563 491 cuperem
585 418 723 486 adesses;
745 437 803 477 nec
825 417 901 476 mihi
924 415 1082 475 consilium
1105 434 1166 474 nec

184 464 229 576 ts
266 516 431 574 consolatio
446 515 574 574 deesset.
614 514 675 573 Sed
690 518 733 572 ita
747 522 780 571 te
794 533 875 586 para,
890 521 936 584 ut,
951 517 976 571 si
989 510 1165 581 inclamaro,

266 612 396 669 advoles.

679 944 756 1003 XIX

566 1060 670 1099 acono
685 1059 790 1099 nrrrco
805 1059 862 1098 suu

55 1145 113 1203 Scr.
126 1144 234 1203 Romae
278 1134 285 1155 ’
308 1139 409 1198 Multa
423 1157 473 1196 me
484 1137 650 1197 sollicitant
665 1145 698 1195 et
712 1157 750 1196 ex
764 1141 809 1195 rei
823 1136 963 1209 publicae
977 1142 1065 1195 tanto
1078 1142 1168 1194 motu

56 1250 90 1285 m·
105 1227 198 1294 Quini·
212 1248 237 1285 a·
267 1244 300 1295 et
315 1239 403 1293 exiis
420 1234 571 1306 periculis,
587 1253 665 1305 quae
679 1233 754 1290 mihi
768 1236 825 1304 ipsi
840 1232 1043 1290 intenduntur
1058 1238 1091 1290 et
1105 1251 1169 1290 ses-

56 1311 119 1370 695
268 1339 358 1388 centa
377 1337 465 1398 sunt3
486 1329 542 1388 sed
561 1328 637 1386 mihi
654 1327 731 1386 nihil
751 1336 799 1387 est
820 1328 976 1387 molestius
991 1347 1083 1398 quam
1098 1328 1167 1386 Sta·

268 1430 346 1484 tium
360 1445 452 1482 manu
466 1428 605 1483 missum:
791 1418 795 1424 ’

311 1507 331 1534 “
340 1522 406 1578 Nec
420 1539 523 1578 meum
537 1524 708 1592 imperium,
723 1540 758 1577 ac
772 1523 863 1578 mitto
877 1523 1047 1591 imperium,
1062 1538 1126 1576 non

394 1604 581 1662 simultatem
595 1624 695 1660 meam

313 1701 455 1758 Revereri
470 1699 593 1757 saltem!
604 1699 621 1719 ’⁹

270 1797 345 1867 Nec,
358 1795 431 1866 quid
446 1795 564 1866 faciam,
575 1799 646 1865 scio,
658 1814 758 1866 neque
773 1802 895 1852 tantum
909 1802 957 1852 est
971 1798 1003 1851 in
1018 1813 1060 1865 re,
1072 1814 1169 1865 quan-

269 1900 320 1950 tus
334 1900 382 1950 est
396 1910 501 1949 sermo.
546 1890 612 1963 Ego
627 1896 731 1948 autem
744 1910 784 1948 ne
800 1894 887 1947 irasci
905 1909 1028 1962 possum
1043 1889 1170 1960 quidem

270 1992 316 2059 iis,
330 2007 405 2059 quos
416 1985 503 2044 valde
518 2006 586 2044 amo
597 2005 605 2055 ;
619 1992 741 2044 tantum
751 1985 840 2044 doleo
851 2005 886 2043 ac
896 1985 1021 2044 mirifice
1032 1985 1168 2057 quidem

271 2083 381 2142 Cetera
395 2087 427 2139 in
441 2086 560 2154 magnis
573 2083 671 2140 rebus·
718 2082 822 2140 Minae
837 2081 924 2139 Clodi
941 2085 1171 2140 contentiones-

271 2199 340 2251 que,
363 2198 440 2250 quae
464 2176 539 2234 mihi
562 2185 782 2250 proponuntur,
804 2177 923 2236 modice
945 2197 995 2236 me
1016 2184 1171 2249 tangrmt3

271 2279 387 2333 etenim
401 2273 450 2330 vel
466 2274 566 2331 subire
582 2293 632 2331 eas
647 2273 751 2331 videor
764 2272 840 2330 mihi
854 2293 971 2331 summa
985 2293 1054 2331 cum
1069 2273 1170 2345 digni·

145 2356 146 2362 ἵ
191 2414 194 2419 »
271 2377 337 2428 tate
351 2369 400 2425 vel
420 2368 573 2427 declinare
589 2369 672 2426 nulla
687 2389 757 2427 cum
775 2369 914 2427 molestia
935 2388 1030 2441 posse.
1077 2369 1170 2427 Dices
1240 2372 1241 2389 ²

272 2464 417 2546 fortasse:
432 2448 630 2535 “Dignitatis
652 2463 718 2527 ἅλις
740 2472 895 2536 tamquam
917 2463 1009 2536 δρυός,
1027 2463 1128 2536 saluti,
1145 2469 1171 2524 si

239 2547 242 2554 ¹
272 2579 322 2618 me
344 2578 436 2630 amas,
451 2559 604 2618 consule.”
650 2560 702 2618 Me
724 2562 886 2618 miserum!
915 2580 970 2619 cur
989 2579 1052 2618 non
1074 2560 1170 2619 ades?

272 2654 349 2713 nihil
363 2654 500 2726 profecto
514 2663 547 2714 te
561 2660 749 2727 praeteriret.
787 2656 853 2751 Ego
867 2656 994 2715 fortasse
1008 2655 1171 2727 τυφλώττω

273 2758 306 2810 et
320 2754 448 2808 nimium
461 2757 502 2821 τῷ
514 2752 595 2821 καλῷ
608 2738 924 2822 rpoo-rrtrovtoff‘scito
934 2751 1012 2809 nihil
1026 2771 1171 2831 umquam

268 2845 365 2904 ¹fuisse
380 2854 444 2903 tarn
458 2846 580 2918 infame,
596 2855 660 2904 tam
673 2855 773 2919 turpe,
785 2854 849 2905 tam
864 2867 1016 2919 peraeque
1031 2849 1171 2906 omnibus

272 2942 445 3015 generibus,
460 2940 625 3013 ordinibus,
641 2944 792 3001 aetatibus
811 2942 959 3002 offensum
979 2963 1069 3015 quam
1088 2943 1171 3002 huuc

273 3045 396 3110 statum,
408 3041 461 3109 qui
475 3057 557 3096 nunc
572 3047 630 3110 est,
641 3043 737 3111 magis
750 3038 936 3111 mehercule,
948 3059 1039 3113 quam
1049 3036 1172 3119 vellem,

273 3154 335 3192 non
350 3133 440 3191 modo
455 3154 546 3205 quam
565 3142 712 3219 putarem.
758 3135 921 3208 Populares
935 3139 985 3194 isti
1004 3140 1065 3194 iam
1079 3139 1173 3194 etiam

350 3239 409 3302 164
