2484 3854
1234 266 1235 301 l

470 334 640 394 unacus
662 333 845 394 ruimus
867 333 1018 394 eicuao
1234 304 1235 353 l

293 467 329 518 ut
343 461 459 530 opinor,
471 460 613 515 introitus
628 455 688 513 fuit
702 460 735 514 in
750 475 871 514 causam
884 455 1005 514 fabulae
1020 455 1190 528 Clodianae,

293 572 326 626 in
337 586 397 638 qua
411 585 468 636 ego
482 573 599 636 nactus
612 572 647 622 ut
662 564 737 622 mihi
748 564 881 635 videbar,
897 564 997 622 locum
1011 564 1190 624 resecandae

220 706 223 710 ·
293 675 427 733 libidinis
449 681 482 731 et
505 673 690 732 coercendae
708 677 891 741 iuventutis3
911 672 1077 731 vehemens
1096 673 1139 730 fui
1159 682 1192 732 et

295 802 400 842 omnes
414 781 534 854 profudi
546 786 623 839 vires
634 786 727 838 animi
741 789 833 852 atque
848 784 965 851 ingenii
976 785 1036 838 mei
1047 801 1109 838 non
1123 781 1191 839 odio

294 892 443 949 adductus
465 891 601 960 alicuiuS,
616 889 670 947 sed
693 910 746 960 spe
768 889 965 960 corrigendae
988 898 1020 947 et
1042 889 1192 947 sanandae

294 1004 431 1059 civitatis
477 997 608 1055 Adflicto
627 1018 675 1055 res
694 997 816 1070 publica
830 1005 877 1055 est
897 1005 1001 1069 empto
1017 1005 1191 1068 constupra-

295 1117 389 1180 toque
418 1107 536 1164 iudicio.
591 1106 679 1176 Vide,
695 1126 772 1177 quae
797 1110 860 1164 sint
887 1115 994 1177 postea
1022 1114 1191 1163 consecuta.

296 1216 407 1274 Consul
423 1223 471 1273 est
481 1219 638 1286 impositus
654 1219 678 1272 is
693 1216 789 1285 nobis,
799 1234 891 1285 quem
903 1234 994 1271 nemo
1008 1221 1194 1285 praeternos
1234 1238 1235 1247 ¹

296 1323 490 1397 philosophos
504 1327 638 1394 aspicere
654 1327 719 1380 siue
734 1327 876 1394 suspiritu
891 1330 1001 1393 posset,
1036 1320 1195 1392 Quantum

297 1432 355 1490 hoc
378 1431 501 1489 vulnus!
533 1431 614 1488 facto
637 1439 759 1488 senatus
783 1430 922 1488 consulto
946 1429 985 1488 de
1008 1430 1134 1501 ambitu,
1155 1430 1196 1489 de

297 1541 414 1599 iudiciis
429 1539 513 1597 nulla
531 1538 581 1596 lex
596 1539 722 1610 perlata,
737 1543 908 1609 exagitatus
924 1547 1056 1609 senatus,
1071 1538 1196 1597 alienati
1234 1606 1235 1609 Ἴ

249 1624 253 1627 ¹
297 1652 416 1720 equites
440 1648 573 1704 Romani.
619 1647 668 1705 Sic
687 1647 739 1704 ille
755 1667 852 1704 annus
867 1647 927 1704 duo
948 1647 1136 1704 firmamenta
1151 1652 1197 1705 rei
1234 1644 1235 1705 l

297 1756 436 1829 publicae
459 1775 515 1827 per
535 1775 584 1812 me
608 1775 703 1812 unum
726 1759 892 1813 constituta
915 1759 1041 1823 evertit3
1069 1775 1140 1812 nam
1164 1764 1199 1814 ct

299 1872 421 1922 senatus
436 1867 649 1921 auctoritatem
663 1864 775 1920 abiecit
793 1871 826 1920 et
845 1863 985 1920 ordinum
992 1849 1199 1921 ‘concordiam

298 1972 437 2030 diiunxit.
483 1970 583 2028 instat
596 1970 646 2027 hic
661 1991 743 2027 nunc
757 1970 809 2028 ille
824 1991 921 2028 annus
936 1975 1084 2042 egregius
1123 1971 1199 2030 Eius

298 2084 420 2139 initium
435 2083 499 2137 eius
513 2079 595 2136 modi
609 2078 679 2150 fuit,
690 2087 725 2136 ut
739 2083 942 2138 anniversaria
956 2098 1038 2136 sacra
1054 2078 1199 2137 Iuventa-

297 2187 337 2241 tis
362 2201 425 2239 non
450 2185 729 2249 committerentur3
762 2201 832 2237 nam
859 2182 900 2238 M.
929 2181 1048 2240 Luculli
1072 2179 1202 2240 uxorem

299 2284 462 2341 Memmius
485 2287 545 2340 suis
570 2286 660 2340 sacris
685 2286 833 2351 initiavit3
865 2283 1023 2340 Menelaus
1047 2302 1139 2354 aegre
1167 2285 1201 2342 id
1234 2356 1235 2363 ἵ

298 2403 402 2456 passus
416 2383 579 2440 divortium
594 2382 675 2440 fecit.
701 2383 893 2455 Quamquam
907 2384 966 2441 ille·
973 2392 1076 2454 pastor
1087 2383 1202 2443 idaeus
1234 2368 1235 2375 ¹

300 2485 476 2543 Menelaum
491 2484 587 2543 solum
603 2493 837 2557 contempserat,
852 2486 902 2543 hic
917 2494 1021 2543 noster
1036 2485 1118 2543 Paris
1133 2494 1203 2545 tam

299 2587 475 2645 Menelaum
498 2606 589 2658 quam
610 2587 874 2657 Agamemnonem
900 2587 1030 2644 liberum
1055 2607 1117 2645 non
1142 2607 1202 2659 pu·

298 2693 382 2746 tavit.
419 2688 474 2746 Est
491 2697 595 2746 autem
610 2688 641 2746 C.
660 2689 837 2746 Herennius
851 2687 975 2760 quidam
989 2689 1130 2747 tribunus
1145 2691 1203 2762 pl,

299 2809 391 2861 quem
413 2798 448 2847 tu
473 2789 599 2847 fortasse
623 2810 663 2847 ne
686 2793 766 2847 nosti
792 2789 931 2866 quidem3
962 2794 1085 2849 tametsi
1110 2799 1204 2862 potes

300 2910 398 2960 nosse,
413 2890 532 2948 tribulis
554 2895 637 2948 enim
660 2899 728 2949 tuus
750 2898 807 2962 est,
824 2899 856 2949 et
878 2891 998 2962 Sextus,
1013 2899 1101 2963 pater
1123 2897 1204 2964 eius,

299 3011 439 3050 nummos
462 2993 546 3049 vobis
571 2992 707 3051 dividere
730 2992 854 3052 solebat.
901 2992 930 3051 Is
953 2993 992 3051 ad
1016 2993 1141 3065 plebem
1168 2996 1201 3055 P.

298 3093 438 3152 Clodium
452 3093 594 3164 traducit,
606 3093 749 3165 idemque
764 3094 834 3165 fert,
846 3103 881 3153 ut
896 3100 1052 3154 universus
1067 3097 1205 3167 populus

295 3200 328 3252 in
343 3216 449 3341 campo
464 3195 575 3253 Martio
591 3195 764 3266 suffragium
779 3196 865 3254 dere
881 3195 966 3255 Clodi
982 3196 1068 3254 ferat.
1102 3198 1205 3257 Hunc

402 3286 418 3337 8
