2484 3854
449 269 619 329 MARCUS
641 268 824 329 TULLIUS
846 269 996 328 CICERO

274 396 464 451 summissum
479 399 571 463 atque
586 392 738 463 populare.
774 391 888 449 Verum
902 399 1007 450 tamen
1022 390 1081 450 fuit
1094 396 1176 451 ratio

273 506 348 564 mihi
368 505 495 564 fortasse
509 505 547 562 ad
569 505 823 577 tranquillitatem
842 525 979 564 meorum
999 514 1175 581 temporum

274 640 335 676 non
350 620 475 690 inutilis,
491 620 545 678 sed
562 619 738 677 mehercule
753 623 797 676 rei
812 618 951 691 publicae
966 618 1065 709 multo
1078 624 1175 677 etiam

274 734 377 791 utilior
390 754 481 805 quam
495 733 570 791 mihi
585 737 695 791 civium
709 733 914 805 improborum
928 714 1060 804 impetuh
1075 737 1107 790 in
1121 754 1174 792 me

274 852 407 919 reprimi,
418 868 487 906 eum
501 847 631 904 hominis
642 846 824 919 amplissima
836 845 967 918 fortuna,
979 844 1174 919 auctoritate,

273 966 370 1032 gratia
390 960 587 1019 fluctuantem
602 965 787 1018 sententiam
802 960 1023 1018 confirmassem
1038 967 1072 1019 et
1085 981 1103 1017 a
1117 981 1174 1034 spe
1229 942 1230 953 ἵ

169 1102 176 1119 «ι
210 1098 217 1105 ·
274 1075 420 1133 malorum
445 1076 484 1133 ad
509 1094 645 1132 mearum
670 1094 771 1132 rerum
797 1074 919 1132 laudem
945 1079 1172 1133 convertissem.

263 1188 365 1277 ¹Quod
387 1194 411 1247 si
429 1210 498 1270 cum
512 1189 612 1260 aliqua
633 1189 759 1247 levitate
775 1188 850 1245 mihi
865 1189 1039 1247 faciendum
1054 1188 1174 1262 fuisset,
1199 1189 1207 1197 ’

274 1304 388 1360 nullam
409 1323 473 1360 rem
492 1307 571 1361 tanti
591 1306 812 1368 aestimassem
834 1302 889 1360 sed
910 1310 1015 1360 tamen
1029 1323 1048 1359 a
1062 1323 1112 1361 me
1128 1308 1174 1362 ita

274 1424 346 1474 sunt
356 1423 424 1472 acta
434 1420 544 1486 omnia,
554 1435 616 1473 non
630 1423 666 1472 ut
681 1434 739 1485 ego
753 1415 798 1472 illi
813 1415 988 1474 adsentiens
1002 1416 1106 1488 levior,
1118 1418 1175 1476 sed

1228 1484 1230 1533 l

274 1538 310 1587 ut
324 1529 375 1587 ille
390 1549 440 1586 me
454 1531 584 1601 probans
603 1533 722 1600 gravior
736 1529 898 1587 videretur.
946 1531 1073 1601 Reliqua
1093 1535 1136 1590 sie
1155 1553 1175 1589 a
1228 1546 1230 1579 t

274 1663 324 1700 me
341 1651 474 1714 aguntur
488 1651 521 1700 et
539 1651 679 1713 agentur,
695 1651 730 1700 ut
744 1662 807 1699 non
821 1646 1055 1715 committamus
1070 1653 1106 1702 ut
1126 1666 1174 1714 ea,

274 1778 351 1828 quae
360 1761 518 1827 gessimus
527 1756 653 1814 fortuito
661 1761 789 1828 gessisse
799 1758 962 1815 videamur.
981 1758 1067 1816 Meos
1077 1759 1174 1817 bonos

274 1874 362 1941 viros,
380 1869 447 1926 illos
468 1890 543 1941 quos
565 1869 724 1952 significas,
740 1879 781 1941 et,
798 1891 866 1929 eam
888 1890 978 1941 quam
1000 1870 1075 1928 mihi
1097 1872 1175 1932 dicis

273 1983 428 2053 obtigisse,
444 1981 578 2053 Σπάρταν
592 2002 654 2040 non
668 1984 759 2043 modo
773 2004 939 2055 numquam
954 1984 1102 2055 deseram,
1117 1987 1175 2045 sed

274 2100 376 2168 etiam,
391 2101 415 2153 si
436 2116 494 2167 ego
513 2097 551 2153 ab
571 2096 622 2153 illa
643 2097 773 2168 deserar,
790 2105 894 2155 tamen
915 2102 948 2154 in
962 2118 1031 2155 mea
1044 2102 1175 2169 pristina

273 2215 427 2269 sententia
440 2211 633 2282 permanebo,
680 2210 760 2269 Illud
779 2219 886 2269 tamen
899 2211 990 2268 velim
1007 2215 1173 2285 existimes

273 2344 322 2381 me
346 2323 424 2380 hanc
446 2328 524 2380 viam
546 2328 725 2394 optimatem
747 2332 816 2397 post
840 2324 939 2382 Catuli
960 2331 1090 2382 mortem
1113 2346 1174 2385 neo
1214 2346 1217 2355 ·

272 2431 422 2503 praesidio
446 2430 509 2488 ullo
534 2450 591 2488 nec
617 2436 762 2490 comitatu
791 2440 906 2490 tenere.
953 2432 1041 2503 Nam,
1067 2441 1102 2491 ut
1128 2439 1174 2494 ait

276 2538 420 2611 Rhinton,
436 2547 471 2597 ut
485 2543 600 2629 opinor,

387 2707 424 2766 Ol
439 2706 490 2780 μὲν
503 2706 567 2778 παρ’
584 2705 662 2765 οὐδέν
677 2706 740 2778 εἰσι,
757 2711 818 2770 τοῖς
832 2707 858 2764 δ’
875 2705 953 2766 οὐδὲν
966 2706 1054 2780 μέλει.

274 2871 352 2930 Mihi
367 2892 438 2930 vero
452 2880 488 2929 ut
502 2872 659 2930 invideant
678 2876 830 2945 piscinarii
848 2877 954 2943 nostri,
969 2881 1023 2931 aut
1042 2875 1173 2936 scribam

272 2981 311 3038 ad
326 2988 359 3038 te
373 2979 445 3038 alias
459 2985 559 3038 autin
574 3000 768 3051 congressum
784 2989 921 3038 nostrum
935 2983 1103 3039 reservabo.
1143 2987 1175 3046 A

272 3094 354 3147 ouria
364 3096 468 3146 autem
479 3088 562 3146 nulla
573 3109 623 3146 me
635 3108 683 3146 res
694 3088 831 3160 divellet,
841 3088 889 3147 vel
902 3088 984 3161 quod
998 3094 1040 3147 ita
1052 3099 1174 3154 rectum

356 3215 396 3275 94
