2498 3850
415 298 615 373 ‘raucus
636 302 818 374 rutulos
840 309 990 374 oicuao
1023 301 1027 307 ’

503 692 506 695 ,
683 652 743 710 vfl

560 766 664 805 CICERO
686 767 792 806 ATTICO
813 768 871 805 sat.

56 832 273 895 Schruudisi'
312 841 506 900 Brundisium
524 848 595 901 veni
617 865 642 901 a.
664 843 693 901 d.
719 863 783 901 x1111
808 844 874 901 Kal.
897 844 1000 902 Maias
1046 845 1092 903 Eo
1115 844 1166 903 die

53 942 99 992 1²⁷¹·
122 921 159 978 K·
182 921 254 978 Mal·
270 942 356 1008 pueri
367 943 417 996 tui
431 938 506 996 mihi
520 960 538 996 a
550 948 584 997 te
599 939 716 998 litteras
731 939 941 1012 reddiderunt,
956 948 989 998 et
1008 940 1059 998 alii
1078 945 1167 1013 pueri

57 1006 162 1069 uuas

269 1042 339 1105 post
353 1034 435 1092 diem
449 1040 575 1093 tertium
593 1040 657 1093 eius
674 1035 736 1093 diei
755 1035 827 1093 alias
847 1036 964 1094 litteras
984 1035 1165 1094 attulerunt.

271 1128 361 1201 Quod
376 1151 425 1188 me
440 1150 527 1202 rogas
542 1139 575 1189 et
589 1130 727 1202 hortariS,
742 1139 777 1189 ut
791 1131 872 1203 apud
887 1139 920 1190 te
940 1136 972 1189 in
992 1132 1084 1203 Epiro
1098 1136 1168 1204 sim,

270 1225 409 1284 voluntas
428 1234 482 1285 tua
504 1227 579 1283 mihi
602 1227 689 1298 valde
709 1235 797 1299 grata
816 1235 863 1286 est
882 1235 915 1285 et
933 1231 1059 1285 minime
1078 1247 1165 1285 nova.

186 1318 187 1321 ’
271 1321 360 1379 Esset
375 1303 532 1380 consilium
551 1323 626 1380 mihi
645 1323 769 1394 quidem
789 1331 939 1395 optatum,
953 1327 979 1381 si
997 1322 1105 1381 liceret
1124 1324 1169 1382 ibi

270 1437 360 1476 omne
385 1425 506 1489 tempus
531 1438 728 1489 consumere3
760 1419 811 1476 odi
837 1423 919 1476 enim
945 1417 1169 1494 celebritatem,

247 1590 250 1591 ⁷
268 1500 355 1584 <fugio
365 1511 513 1585 homines,
524 1513 625 1572 lucem
639 1519 773 1586 aspicere
789 1519 838 1572 vix
852 1534 984 1586 possum,
996 1521 1077 1573 esset
1089 1514 1169 1572 mihi

270 1613 328 1666 ista
351 1607 491 1680 solitud0,
511 1614 691 1691 praesertim
710 1618 774 1677 tarn
794 1594 933 1667 familiari
956 1614 989 1667 in
1006 1609 1083 1681 loco,
1103 1630 1169 1667 nou

270 1725 389 1778 amara,
410 1704 475 1776 sed,
486 1696 607 1778 ⁴itineris
622 1714 760 1772 causaut
774 1706 959 1777 deuerterer,
973 1710 1104 1778 primum
1120 1714 1170 1764 est

271 1801 403 1871 devium,
426 1800 539 1859 deinde
564 1803 603 1859 ab
628 1802 777 1860 Autronio
803 1809 836 1859 et
861 1805 971 1859 ceteris
996 1800 1169 1876 quadridui,
1194 1791 1211 1838 f

271 1895 384 1953 deinde
399 1900 463 1953 sine
483 1905 523 1954 te.
569 1898 648 1955 Nam
667 1898 825 1955 castellum
844 1884 996 1955 munitum
1015 1874 1200 1955 habitanti*

271 1991 346 2048 mihi
377 1992 545 2064 prodesset,
576 1998 746 2051 transeunti
781 2014 843 2051 non
866 1976 923 2050 ‘est
954 1996 1166 2050 necessarium.

272 2086 362 2158 Quod
378 2092 402 2146 si
416 2088 571 2160 auderem,
583 2074 721 2147 Athenas
735 2097 881 2161 peterem.
927 2088 1006 2147 Sane
1020 2093 1064 2144 ita
1078 2087 1168 2145 cade-

272 2185 334 2255 bat,
349 2192 385 2241 ut
399 2184 517 2242 vellem.
563 2185 653 2242 Nune
668 2185 811 2243 etnnostri
822 2184 925 2242 hostes
940 2184 982 2241 ibi
996 2191 1078 2255 sunt,
1090 2192 1123 2241 et
1135 2192 1167 2241 te
1193 2242 1196 2249 Δ

271 2300 333 2337 non
358 2280 504 2338 habemus
530 2288 563 2338 et
590 2300 730 2339 veremur
757 2301 797 2338 ne
812 2285 1068 2352 ⁴interpretentur
1091 2279 1168 2337 illud

200 2406 202 2410 v
272 2376 392 2447 quoque
421 2375 565 2448 oppidum
593 2378 632 2434 ab
661 2376 750 2434 ltalia
774 2396 836 2434 non
869 2380 949 2449 satis¹
969 2376 1085 2447 abesse,
1110 2395 1169 2433 nec

273 2472 376 2529 scribis
390 2491 481 2542 quam
495 2470 534 2529 ad
549 2472 631 2530 diem
644 2480 678 2530 te
693 2480 912 2544 exspectemus

314 2566 405 2638 Quod
427 2587 477 2625 me
500 2567 539 2625 ad
561 2572 655 2626 vitam
677 2588 775 2640 vocas,
789 2588 884 2626 unum
907 2568 1007 2638 efficis,
1027 2575 1063 2625 ut
1081 2588 1100 2624 a
1118 2554 1169 2625 me

272 2684 379 2721 manus
403 2664 582 2735 abstineam,
607 2664 738 2728 alterum
762 2684 825 2722 non
849 2672 948 2736 potes,
970 2671 1006 2721 ut
1030 2683 1080 2721 me
1106 2683 1170 2721 non

272 2764 368 2817 nostri
390 2759 507 2819 consilii
528 2758 670 2832 vitaeque
693 2765 857 2832 paeniteat.
903 2758 985 2831 Quid
1008 2763 1091 2816 enim
1111 2767 1171 2830 est,

273 2856 354 2927 quod
368 2876 418 2913 me
432 2860 574 2928 retineat,
586 2861 764 2928 praesertim
776 2860 801 2914 si
814 2876 883 2927 spes
895 2875 931 2914 ea
944 2875 1007 2912 non
1022 2862 1079 2926 est,
1091 2874 1170 2926 quae

272 2972 327 3010 nos
351 2952 575 3025 proficiscentes
603 2953 863 3025 prosequebatur?
905 2951 976 3009 Non
1001 2950 1110 3008 faciam
1136 2959 1172 3009 ut

273 3069 450 3125 enumerem
468 3053 603 3107 miserias
622 3068 737 3119 omnes,
752 3052 784 3105 in
806 3067 879 3118 quas
898 3046 991 3104 incidi
1012 3066 1068 3119 per
1090 3066 1171 3104 sum-

272 3167 353 3204 mam
366 3149 507 3203 iniuriam
518 3153 552 3203 et
566 3144 663 3202 scelus
677 3164 739 3201 non
753 3152 817 3202 tam
828 3146 1019 3201 inimicorum
1033 3162 1172 3200 meorum

357 3273 417 3325 202
