2498 3850
444 294 615 354 MARCUS
636 294 819 356 TULLIUS
842 297 992 356 CICERO

269 435 428 507 putabant,
444 435 545 493 eidem
559 439 591 493 in
610 436 784 507 abrogando
803 444 868 494 tam
888 442 969 495 cauti
992 437 1117 511 fuerint,
1132 448 1168 497 ut
1242 512 1245 523 ἵ

269 519 301 601 id
315 551 500 614 metuerent,
516 543 606 601 soluti
621 564 691 602 cum
706 553 819 617 essent,
831 546 912 617 quod
927 550 1017 604 neiis
1032 547 1168 619 quidem,
1243 558 1245 645 j

269 656 322 723 qui
344 652 414 722 lege
440 660 596 724 tenentur,
623 661 670 711 est
696 653 869 711 curandum.
916 653 953 712 Id
978 663 1069 726 caput
1094 675 1167 714 sane

269 760 364 817 nolim
377 780 470 818 novos
489 761 626 819 tribunos
646 761 686 832 pl.
708 760 807 831 ferre3
827 762 881 820 sed
901 762 1057 833 perferant
1075 764 1167 822 modo

270 867 447 939 quidlubet3
468 889 530 926 uno
544 873 655 940 capite,
669 889 730 941 quo
744 871 915 940 revocabor,
927 871 1018 929 modo
1032 891 1080 929 res
1095 891 1166 929 con·
1238 930 1245 947 -,

269 976 396 1048 ficiatur,
409 960 642 1036 erocontentus
683 977 747 1035 Iam
759 978 875 1036 dudum
885 978 983 1050 pudet
993 988 1058 1037 tam
1068 978 1171 1064 multaI
1244 1036 1245 1041 ,

270 1087 422 1155 scribere;
443 1105 549 1144 vereor
563 1089 656 1156 enim,
667 1106 707 1145 ne
721 1106 755 1144 re
769 1090 829 1144 iam
843 1087 1005 1158 desperata
1022 1087 1116 1159 legaS,
1131 1097 1168 1147 ut
1198 1070 1201 1075 ¹
1244 1146 1245 1157 2

270 1194 345 1252 haec
364 1214 434 1252 mea
456 1194 617 1265 diligentia
639 1195 817 1267 miserabilis
839 1196 907 1266 tibi,
925 1196 991 1253 aliis
1013 1196 1169 1255 irridenda
1244 1166 1245 1199 ³

270 1302 417 1360 videatur.
455 1302 527 1372 Sed,
539 1306 563 1360 si
575 1310 623 1360 est
633 1302 748 1373 aliquid
758 1307 791 1359 in
803 1323 866 1375 spe,
876 1303 946 1361 vide
955 1304 1068 1375 legem,
1077 1309 1176 1376 quam‘
1244 1334 1245 1377 j

271 1409 305 1467 Τ.
322 1409 416 1467 Fadio
430 1414 550 1481 scripsit
561 1410 710 1468 Visellius.
756 1411 800 1469 Ea
813 1411 888 1468 mihi
903 1412 1078 1483 perplacet3
1096 1433 1170 1470 nam

273 1518 354 1577 Sesti
373 1521 479 1586 nostri,
499 1538 591 1589 quam
613 1526 649 1577 tu
668 1520 726 1577 tibi
744 1521 864 1591 probari
879 1522 993 1592 scribis,
1012 1519 1087 1577 mihi
1106 1541 1170 1579 non

219 1667 221 1672 -
272 1625 382 1698 placet.

259 1741 296 1785 ΞΤ
314 1740 418 1798 Tertia
437 1748 485 1798 est
504 1740 635 1812 epistula
655 1741 752 1812 pridie
768 1741 841 1799 Idus
862 1742 1024 1800 Novembr.
1040 1742 1122 1815 data,
1137 1748 1171 1801 in

273 1870 333 1921 qua
347 1853 473 1920 exponis
486 1848 655 1920 prudenter
670 1857 703 1907 et
717 1848 891 1921 diligenter,
903 1870 980 1921 quae
1000 1855 1071 1921 sint,
1092 1871 1172 1922 quae

274 1977 339 2015 rem
358 1957 505 2015 distinere
525 1956 696 2028 videantur,
711 1958 750 2015 de
773 1958 887 2029 Crasso,
902 1959 942 2016 de
966 1958 1119 2029 Pompeio,
1132 1960 1173 2018 de

273 2070 392 2124 ceteris.
437 2064 539 2137 Quare
554 2086 606 2123 oro
616 2073 659 2136 te,
675 2073 719 2137 ut,
731 2070 756 2123 si
770 2087 830 2138 qua
844 2087 913 2138 spes
933 2072 991 2125 erit
1004 2087 1093 2138 posse
1108 2076 1173 2127 stu-

275 2176 332 2237 diis
342 2176 500 2245 bonorum,
511 2179 703 2245 auctoritate,
714 2174 912 2233 multitudine
924 2184 1096 2247 comparata
1106 2196 1175 2237 rem

274 2273 390 2354 confici,
405 2282 460 2340 des
475 2302 607 2353 operam,
622 2290 657 2340 ut
676 2302 739 2340 uno
752 2287 870 2354 impetu
887 2283 1126 2356 perfringantur,
1141 2290 1174 2344 in

275 2413 343 2450 eam
362 2410 428 2448 rem
442 2391 597 2448 incumbas
618 2398 795 2463 ceterosque
817 2395 940 2450 excites
984 2392 1048 2463 Sin,
1063 2400 1100 2450 ut
1115 2414 1175 2465 ego

276 2502 424 2571 perspicio
444 2519 513 2556 cum
532 2506 586 2556 tua
609 2503 784 2557 coniectura
807 2508 874 2558 tum
893 2504 986 2558 etiam
1008 2521 1087 2573 mea,
1108 2507 1175 2575 spei

275 2606 352 2665 nihil
378 2613 434 2677 est,
458 2626 511 2664 oro
533 2608 731 2678 obtestorque
751 2616 795 2678 te,
814 2616 849 2666 ut
874 2607 1026 2680 Quintum
1047 2609 1176 2668 fratrem

276 2736 369 2786 ameS,
383 2735 475 2787 quem
495 2734 553 2787 ego
567 2719 711 2773 miserum
724 2719 835 2775 misere
855 2715 985 2787 perdidi,
1006 2737 1084 2775 neve
1099 2719 1175 2790 quid

276 2844 348 2882 eum
361 2828 477 2895 patiare
491 2827 612 2894 gravius
626 2823 784 2882 consulere
799 2823 838 2881 de
859 2843 902 2895 se,
922 2844 1014 2896 quam
1031 2826 1178 2897 expediat

277 2936 384 2990 sororis
401 2939 473 2989 tuae
491 2931 562 3003 filio,
579 2951 682 2989 meum
701 2932 888 3019 Ciceronem,
903 2936 951 2990 cui
966 2933 1043 2992 nihil
1056 2935 1178 2993 misello

277 3040 415 3125 relinquo
443 3048 565 3111 praeter
592 3040 737 3097 invidiam
766 3048 798 3098 et
823 3045 1020 3112 ignominiam
1045 3047 1177 3102 nominis

228 3193 229 3196 η
277 3154 348 3220 mei,
362 3156 479 3219 tueare,
493 3147 592 3219 quoad
607 3151 730 3228 poteris,
741 3147 927 3224 Terentiam,
937 3169 1030 3206 unam
1041 3155 1178 3209 omnium

361 3263 421 3317 250
