2484 3854
64 2413 122 2471 Scr.
140 2412 209 2471 Anti

64 2497 153 2555 medio
166 2518 200 2554 m.

64 2582 135 2653 Apr.
148 2602 174 2640 a.
189 2579 252 2638 695

447 316 616 376 MARCUS
638 316 821 376 TULLIUS
843 315 993 374 CICERO

271 457 335 494 sam
350 456 416 495 esse
431 440 623 495 iuventutem
637 457 738 509 neque
753 437 833 496 ferre
849 437 926 495 haec
943 456 1039 508 posse.
1084 435 1164 492 Bene

272 543 426 601 habemus.
472 545 545 616 NoS,
560 550 585 602 si
599 550 631 602 in
648 545 696 603 his
713 565 782 617 spes
800 552 857 616 est,
872 548 988 616 opinor,
1002 543 1084 609 aliud
1099 562 1166 613 aga-
1230 596 1231 601 ,

272 671 347 708 mus.
393 651 459 722 Ego
481 672 531 709 me
554 652 595 709 do
618 652 768 710 historiae.
810 651 1001 723 Quamquam
1023 650 1097 709 licet
1117 670 1166 708 me

273 758 429 817 Saufeium
442 767 532 831 putes
547 780 623 831 esse,
637 760 714 817 nihil
728 780 778 817 me
793 769 841 819 est
854 764 990 818 inertius.

254 873 297 935 7„
315 867 376 925 Sed
398 876 546 938 cognosce
568 873 678 926 itinera
699 876 812 940 nostra,
833 876 869 926 ut
891 875 1015 939 statuas,
1040 868 1091 925 ubi
1113 886 1167 924 nos

274 979 389 1034 visurus
404 980 450 1034 sis.
490 976 527 1033 ln
539 977 732 1035 Formianum
744 977 880 1035 volumus
891 981 995 1035 venire
1008 974 1168 1045 Parilibus3
1231 1054 1232 1057 Ἰ

272 1084 355 1156 inde,
364 1090 507 1156 quoniam
518 1094 606 1158 putas
617 1086 925 1157 praetermittendum
936 1086 1023 1143 nobis
1035 1104 1100 1143 esse
1111 1086 1168 1143 hoc

272 1201 410 1265 tempore
426 1194 550 1252 Cratera
563 1194 650 1252 illum
664 1193 840 1265 delicatum,
856 1194 921 1251 Kal.
939 1194 1028 1251 Maiis
1043 1193 1082 1252 de
1098 1193 1168 1250 For-

272 1306 373 1374 miano
394 1302 627 1375 proficiscemur,
648 1311 685 1361 ut
706 1303 782 1362 Anti
805 1307 897 1361 simus
920 1323 945 1359 a
971 1303 1000 1361 d.
1025 1322 1044 1360 v
1066 1303 1169 1360 Nonas

274 1410 378 1467 Maias.
424 1408 503 1467 Ludi
518 1414 600 1467 enim
615 1411 692 1468 Anti
706 1410 801 1468 futuri
816 1419 889 1469 sunt
902 1431 920 1468 a
934 1430 979 1468 1111
993 1410 1032 1468 ad
1046 1430 1090 1482 pr.
1107 1410 1170 1468 No-

273 1536 327 1574 nas
350 1517 454 1574 Maias.
493 1517 553 1576 Eos
576 1517 674 1576 Tullia
698 1526 836 1589 spectare
856 1517 929 1575 vult.
968 1516 1045 1575 Inde
1068 1521 1171 1588 cogito

273 1630 305 1683 in
330 1625 544 1697 Tusculanum,
569 1626 682 1684 deinde
708 1626 869 1698 Arpinum,
894 1626 1019 1683 Romam
1034 1626 1077 1703 ad
1102 1625 1169 1683 Kal.

275 1733 384 1792 lunias.
429 1733 473 1791 Te
488 1738 588 1792 autin
604 1734 763 1792 Formiano
777 1743 831 1792 aut
845 1735 922 1792 Anti
935 1743 989 1792 aut
1006 1738 1038 1791 in
1055 1734 1172 1793 Tuscu·
1230 1818 1232 1825 ἢ

274 1843 343 1899 lano
366 1862 438 1900 cura
457 1850 492 1900 ut
515 1843 678 1901 videamus.
723 1843 892 1915 Epistulam
916 1846 1101 1914 superiorem
1124 1863 1173 1900 re-

274 1954 367 2009 stitue
382 1951 468 2008 uobis
484 1958 517 2008 et
531 1950 663 2022 adpinge
678 1951 792 2022 aliquid
807 1955 884 2008 novi.
917 1934 921 1941 ’

702 2211 746 2268 lX

575 2326 680 2384 cicaao
695 2326 801 2365 arrico
816 2326 873 2364 sat.

317 2416 425 2474 Subito
434 2435 504 2472 cum
512 2414 588 2472 mihi
599 2415 725 2474 dixisset
736 2416 883 2473 Caecilius
894 2423 1035 2487 quaestor
1043 2435 1177 2487 puerum

273 2544 308 2582 se
328 2524 452 2581 Romam
465 2528 601 2596 mittere,
616 2523 691 2582 haec
711 2528 815 2596 scripsi
836 2528 956 2609 raptim,
970 2531 1006 2581 ut
1027 2531 1096 2582 tuos
1119 2525 1176 2582 eli-

276 2652 378 2690 cerem
393 2631 532 2690 mirificos
544 2653 613 2689 cum
629 2632 735 2690 Publio
749 2632 884 2704 dialogos
896 2652 964 2691 cum
979 2651 1041 2704 eos,
1052 2631 1091 2689 de
1107 2637 1177 2704 qui-

277 2743 334 2800 bus
357 2742 471 2811 scribis,
494 2749 560 2799 tum
584 2741 680 2812 illum,
704 2761 795 2812 quem
817 2741 903 2799 abdis
927 2749 959 2799 et
982 2745 1025 2798 ais
1047 2740 1179 2812 longum

276 2871 353 2922 esse,
365 2870 442 2922 quae
457 2850 496 2908 ad
511 2870 547 2907 ea
561 2848 762 2922 responderis,
773 2851 974 2922 perscribere3
996 2849 1082 2908 illum
1092 2869 1180 2921 vero,

277 2963 329 3032 qui
352 2959 488 3016 nondum
511 2958 633 3017 habitus
657 2966 713 3030 est,
735 2978 827 3029 quem
850 2958 901 3015 illa
924 2955 1043 3028 βοῶπις,
1064 2977 1135 3014 cum
1161 2980 1180 3017 e

277 3069 399 3128 Solonio
414 3067 549 3139 redierit,
565 3067 603 3125 ad
618 3076 650 3124 te
666 3075 713 3125 est
727 3066 866 3124 relatura.
904 3065 953 3125 Sic
969 3066 1059 3123 velim
1074 3075 1181 3139 puteS,

276 3176 353 3236 nihil
374 3176 433 3234 hoc
451 3195 539 3248 posse
560 3175 636 3233 mihi
656 3195 722 3234 esse
741 3175 909 3234 iucundius,
954 3174 986 3233 Si
1001 3193 1082 3245 ver0,
1097 3194 1182 3246 quae

364 3291 422 3343 134
