<?xml version="1.0" encoding="UTF-8"?>
<!DOCTYPE html PUBLIC "-//W3C//DTD XHTML 1.0 Transitional//EN"
    "http://www.w3.org/TR/xhtml1/DTD/xhtml1-transitional.dtd">
<html xmlns="http://www.w3.org/1999/xhtml" xml:lang="en" lang="en">
 <head>
  <title>
</title>
<meta http-equiv="Content-Type" content="text/html;charset=utf-8" />
  <meta name='ocr-system' content='tesseract 3.04.00' />
  <meta name='ocr-capabilities' content='ocr_page ocr_carea ocr_par ocr_line ocrx_word'/>
</head>
<body>
  <div class='ocr_page' id='page_1' title='image "./letterstoatticu00winsgoog_0249.png"; bbox 0 0 2498 3850; ppageno 0'>
   <div class='ocr_carea' id='block_1_1' title="bbox 425 282 970 345">
    <p class='ocr_par' dir='ltr' id='par_1_1' title="bbox 425 282 970 345">
     <span class='ocr_line' id='line_1_1' title="bbox 425 282 970 345; baseline 0.002 -3"><span class='ocrx_word' id='word_1_1' title='bbox 425 284 595 344; x_wconf 84' lang='lat' dir='ltr'>MARCUS</span> <span class='ocrx_word' id='word_1_2' title='bbox 616 282 798 345; x_wconf 89' lang='lat' dir='ltr'>TULLIUS</span> <span class='ocrx_word' id='word_1_3' title='bbox 820 283 970 343; x_wconf 87' lang='lat' dir='ltr'>CICERO</span> 
     </span>
    </p>
   </div>
   <div class='ocr_carea' id='block_1_2' title="bbox 248 405 1146 1126">
    <p class='ocr_par' dir='ltr' id='par_1_2' title="bbox 248 405 1146 1126">
     <span class='ocr_line' id='line_1_2' title="bbox 250 405 1145 477; baseline -0.002 -13"><span class='ocrx_word' id='word_1_4' title='bbox 250 409 341 464; x_wconf 87' lang='lat' dir='ltr'>tectis</span> <span class='ocrx_word' id='word_1_5' title='bbox 355 406 528 475; x_wconf 66' lang='lat' dir='ltr'>crederem</span> <span class='ocrx_word' id='word_1_6' title='bbox 542 426 642 464; x_wconf 90' lang='lat' dir='ltr'>meam</span> <span class='ocrx_word' id='word_1_7' title='bbox 656 410 821 465; x_wconf 73' lang='lat' dir='ltr'><strong>amentiam</strong></span> <span class='ocrx_word' id='word_1_8' title='bbox 835 424 953 476; x_wconf 86' lang='lat' dir='ltr'>accuso,</span> <span class='ocrx_word' id='word_1_9' title='bbox 968 405 1050 477; x_wconf 91' lang='lat' dir='ltr'>quod</span> <span class='ocrx_word' id='word_1_10' title='bbox 1063 424 1114 463; x_wconf 89' lang='lat' dir='ltr'>me</span> <span class='ocrx_word' id='word_1_11' title='bbox 1127 424 1145 461; x_wconf 91' lang='lat' dir='ltr'>a</span> 
     </span>
     <span class='ocr_line' id='line_1_3' title="bbox 249 510 1145 586; baseline 0 -15"><span class='ocrx_word' id='word_1_12' title='bbox 249 521 282 571; x_wconf 89' lang='lat' dir='ltr'>te</span> <span class='ocrx_word' id='word_1_13' title='bbox 297 521 418 571; x_wconf 85' lang='lat' dir='ltr'>tantum</span> <span class='ocrx_word' id='word_1_14' title='bbox 429 518 532 585; x_wconf 85' lang='lat' dir='ltr'>amari,</span> <span class='ocrx_word' id='word_1_15' title='bbox 543 523 692 586; x_wconf 87' lang='lat' dir='ltr'>quantum</span> <span class='ocrx_word' id='word_1_16' title='bbox 703 534 761 586; x_wconf 81' lang='lat' dir='ltr'>ego</span> <span class='ocrx_word' id='word_1_17' title='bbox 772 514 894 585; x_wconf 91' lang='lat' dir='ltr'>vellem,</span> <span class='ocrx_word' id='word_1_18' title='bbox 904 517 1015 585; x_wconf 88' lang='lat' dir='ltr'>putavi.</span> <span class='ocrx_word' id='word_1_19' title='bbox 1054 510 1145 584; x_wconf 80' lang='lat' dir='ltr'>Quod</span> 
     </span>
     <span class='ocr_line' id='line_1_4' title="bbox 249 620 1145 693; baseline 0 -14"><span class='ocrx_word' id='word_1_20' title='bbox 249 625 274 679; x_wconf 93' lang='lat' dir='ltr'>si</span> <span class='ocrx_word' id='word_1_21' title='bbox 288 620 406 692; x_wconf 84' lang='lat' dir='ltr'>firisset,</span> <span class='ocrx_word' id='word_1_22' title='bbox 420 622 512 680; x_wconf 89' lang='lat' dir='ltr'>fidem</span> <span class='ocrx_word' id='word_1_23' title='bbox 527 622 665 693; x_wconf 89' lang='lat' dir='ltr'>eandem,</span> <span class='ocrx_word' id='word_1_24' title='bbox 677 643 779 681; x_wconf 89' lang='lat' dir='ltr'>curam</span> <span class='ocrx_word' id='word_1_25' title='bbox 793 626 937 680; x_wconf 90' lang='lat' dir='ltr'>maiorem</span> <span class='ocrx_word' id='word_1_26' title='bbox 947 621 1145 692; x_wconf 79' lang='lat' dir='ltr'>adhibuisses,</span> 
     </span>
     <span class='ocr_line' id='line_1_5' title="bbox 248 730 1145 802; baseline 0.002 -16"><span class='ocrx_word' id='word_1_27' title='bbox 248 749 298 786; x_wconf 91' lang='lat' dir='ltr'>me</span> <span class='ocrx_word' id='word_1_28' title='bbox 313 737 397 787; x_wconf 86' lang='lat' dir='ltr'>certe</span> <span class='ocrx_word' id='word_1_29' title='bbox 412 730 451 787; x_wconf 89' lang='lat' dir='ltr'>ad</span> <span class='ocrx_word' id='word_1_30' title='bbox 466 734 594 788; x_wconf 87' lang='lat' dir='ltr'>exitium</span> <span class='ocrx_word' id='word_1_31' title='bbox 608 735 861 802; x_wconf 78' lang='lat' dir='ltr'><strong>praecipitantem</strong></span> <span class='ocrx_word' id='word_1_32' title='bbox 874 734 1061 801; x_wconf 84' lang='lat' dir='ltr'>retinuisses,</span> <span class='ocrx_word' id='word_1_33' title='bbox 1071 733 1145 788; x_wconf 89' lang='lat' dir='ltr'>istos</span> 
     </span>
     <span class='ocr_line' id='line_1_6' title="bbox 248 837 1146 910; baseline 0.001 -17"><span class='ocrx_word' id='word_1_34' title='bbox 248 837 376 908; x_wconf 89' lang='lat' dir='ltr'>labores,</span> <span class='ocrx_word' id='word_1_35' title='bbox 391 857 465 909; x_wconf 90' lang='lat' dir='ltr'>quos</span> <span class='ocrx_word' id='word_1_36' title='bbox 479 858 561 895; x_wconf 91' lang='lat' dir='ltr'>nunc</span> <span class='ocrx_word' id='word_1_37' title='bbox 576 842 608 895; x_wconf 92' lang='lat' dir='ltr'>in</span> <span class='ocrx_word' id='word_1_38' title='bbox 625 838 789 910; x_wconf 78' lang='lat' dir='ltr'>naufragiis</span> <span class='ocrx_word' id='word_1_39' title='bbox 806 842 916 896; x_wconf 91' lang='lat' dir='ltr'>nostris</span> <span class='ocrx_word' id='word_1_40' title='bbox 933 842 1068 909; x_wconf 88' lang='lat' dir='ltr'>suscipis,</span> <span class='ocrx_word' id='word_1_41' title='bbox 1082 857 1146 895; x_wconf 89' lang='lat' dir='ltr'>non</span> 
     </span>
     <span class='ocr_line' id='line_1_7' title="bbox 249 928 1146 1018; baseline 0.002 -15"><span class='ocrx_word' id='word_1_42' title='bbox 249 945 386 1004; x_wconf 88' lang='lat' dir='ltr'>subisses.</span> <span class='ocrx_word' id='word_1_43' title='bbox 431 944 533 1018; x_wconf 87' lang='lat' dir='ltr'>Quare</span> <span class='ocrx_word' id='word_1_44' title='bbox 553 945 611 1018; x_wconf 88' lang='lat' dir='ltr'>fac,</span> <span class='ocrx_word' id='word_1_45' title='bbox 631 928 672 1004; x_wconf 33' lang='lat' dir='ltr'>ut*</span> <span class='ocrx_word' id='word_1_46' title='bbox 686 950 787 1004; x_wconf 90' lang='lat' dir='ltr'>omnia</span> <span class='ocrx_word' id='word_1_47' title='bbox 806 947 845 1004; x_wconf 89' lang='lat' dir='ltr'>ad</span> <span class='ocrx_word' id='word_1_48' title='bbox 863 966 913 1004; x_wconf 86' lang='lat' dir='ltr'>me</span> <span class='ocrx_word' id='word_1_49' title='bbox 933 953 1093 1018; x_wconf 87' lang='lat' dir='ltr'>perspecta</span> <span class='ocrx_word' id='word_1_50' title='bbox 1112 954 1146 1005; x_wconf 86' lang='lat' dir='ltr'>et</span> 
     </span>
     <span class='ocr_line' id='line_1_8' title="bbox 249 1053 1146 1126; baseline 0 -15"><span class='ocrx_word' id='word_1_51' title='bbox 249 1054 404 1125; x_wconf 82' lang='lat' dir='ltr'>explorata</span> <span class='ocrx_word' id='word_1_52' title='bbox 422 1055 588 1126; x_wconf 82' lang='lat' dir='ltr'>perscribas</span> <span class='ocrx_word' id='word_1_53' title='bbox 607 1074 728 1126; x_wconf 87' lang='lat' dir='ltr'>meque,</span> <span class='ocrx_word' id='word_1_54' title='bbox 748 1063 783 1113; x_wconf 93' lang='lat' dir='ltr'>ut</span> <span class='ocrx_word' id='word_1_55' title='bbox 805 1054 888 1125; x_wconf 83' lang='lat' dir='ltr'>facis,</span> <span class='ocrx_word' id='word_1_56' title='bbox 908 1054 983 1112; x_wconf 87' lang='lat' dir='ltr'>velis</span> <span class='ocrx_word' id='word_1_57' title='bbox 1002 1073 1068 1112; x_wconf 88' lang='lat' dir='ltr'>esse</span> <span class='ocrx_word' id='word_1_58' title='bbox 1091 1053 1146 1111; x_wconf 90' lang='lat' dir='ltr'>ali·</span> 
     </span>
    </p>
   </div>
   <div class='ocr_carea' id='block_1_3' title="bbox 248 1161 1239 1234">
    <p class='ocr_par' dir='ltr' id='par_1_3' title="bbox 248 1161 1239 1234">
     <span class='ocr_line' id='line_1_9' title="bbox 248 1161 1239 1234; baseline 0.001 -16"><span class='ocrx_word' id='word_1_59' title='bbox 248 1180 350 1232; x_wconf 90' lang='lat' dir='ltr'>quem,</span> <span class='ocrx_word' id='word_1_60' title='bbox 367 1166 519 1233; x_wconf 89' lang='lat' dir='ltr'>quoniam,</span> <span class='ocrx_word' id='word_1_61' title='bbox 536 1166 589 1233; x_wconf 90' lang='lat' dir='ltr'>qui</span> <span class='ocrx_word' id='word_1_62' title='bbox 606 1161 661 1232; x_wconf 83' lang='lat' dir='ltr'>fui,</span> <span class='ocrx_word' id='word_1_63' title='bbox 679 1170 712 1220; x_wconf 90' lang='lat' dir='ltr'>et</span> <span class='ocrx_word' id='word_1_64' title='bbox 731 1166 783 1233; x_wconf 93' lang='lat' dir='ltr'>qui</span> <span class='ocrx_word' id='word_1_65' title='bbox 801 1181 866 1220; x_wconf 86' lang='lat' dir='ltr'>esse</span> <span class='ocrx_word' id='word_1_66' title='bbox 885 1165 981 1234; x_wconf 89' lang='lat' dir='ltr'>potui,</span> <span class='ocrx_word' id='word_1_67' title='bbox 1000 1166 1061 1218; x_wconf 90' lang='lat' dir='ltr'>iam</span> <span class='ocrx_word' id='word_1_68' title='bbox 1078 1180 1145 1219; x_wconf 89' lang='lat' dir='ltr'>esse</span> <span class='ocrx_word' id='word_1_69' title='bbox 1238 1176 1239 1191; x_wconf 79' lang='lat'>³</span> 
     </span>
    </p>
   </div>
   <div class='ocr_carea' id='block_1_4' title="bbox 247 1269 1147 1450">
    <p class='ocr_par' dir='ltr' id='par_1_4' title="bbox 247 1269 1147 1450">
     <span class='ocr_line' id='line_1_10' title="bbox 247 1269 1147 1342; baseline 0.001 -16"><span class='ocrx_word' id='word_1_70' title='bbox 247 1288 310 1326; x_wconf 90' lang='lat' dir='ltr'>non</span> <span class='ocrx_word' id='word_1_71' title='bbox 324 1289 456 1341; x_wconf 90' lang='lat' dir='ltr'>possum,</span> <span class='ocrx_word' id='word_1_72' title='bbox 474 1277 507 1328; x_wconf 89' lang='lat' dir='ltr'>et</span> <span class='ocrx_word' id='word_1_73' title='bbox 524 1277 559 1328; x_wconf 91' lang='lat' dir='ltr'>ut</span> <span class='ocrx_word' id='word_1_74' title='bbox 575 1269 623 1327; x_wconf 91' lang='lat' dir='ltr'>his</span> <span class='ocrx_word' id='word_1_75' title='bbox 640 1270 752 1328; x_wconf 89' lang='lat' dir='ltr'>litteris</span> <span class='ocrx_word' id='word_1_76' title='bbox 769 1290 830 1327; x_wconf 91' lang='lat' dir='ltr'>non</span> <span class='ocrx_word' id='word_1_77' title='bbox 848 1277 891 1342; x_wconf 91' lang='lat' dir='ltr'>te,</span> <span class='ocrx_word' id='word_1_78' title='bbox 906 1269 961 1327; x_wconf 92' lang='lat' dir='ltr'>sed</span> <span class='ocrx_word' id='word_1_79' title='bbox 977 1289 1028 1327; x_wconf 91' lang='lat' dir='ltr'>me</span> <span class='ocrx_word' id='word_1_80' title='bbox 1045 1272 1147 1341; x_wconf 91' lang='lat' dir='ltr'>ipsum</span> 
     </span>
     <span class='ocr_line' id='line_1_11' title="bbox 247 1376 1147 1450; baseline 0.002 -16"><span class='ocrx_word' id='word_1_81' title='bbox 247 1397 266 1433; x_wconf 88' lang='lat' dir='ltr'>a</span> <span class='ocrx_word' id='word_1_82' title='bbox 284 1396 334 1435; x_wconf 87' lang='lat' dir='ltr'>me</span> <span class='ocrx_word' id='word_1_83' title='bbox 354 1396 420 1435; x_wconf 90' lang='lat' dir='ltr'>esse</span> <span class='ocrx_word' id='word_1_84' title='bbox 443 1386 616 1435; x_wconf 90' lang='lat' dir='ltr'>accusatum</span> <span class='ocrx_word' id='word_1_85' title='bbox 638 1386 736 1450; x_wconf 87' lang='lat' dir='ltr'>putes.</span> <span class='ocrx_word' id='word_1_86' title='bbox 781 1378 813 1437; x_wconf 92' lang='lat' dir='ltr'>Si</span> <span class='ocrx_word' id='word_1_87' title='bbox 836 1381 889 1449; x_wconf 89' lang='lat' dir='ltr'>qui</span> <span class='ocrx_word' id='word_1_88' title='bbox 911 1385 1012 1448; x_wconf 88' lang='lat' dir='ltr'>erunt,</span> <span class='ocrx_word' id='word_1_89' title='bbox 1035 1376 1147 1449; x_wconf 87' lang='lat' dir='ltr'>quibus</span> 
     </span>
    </p>
   </div>
   <div class='ocr_carea' id='block_1_5' title="bbox 247 1485 1146 1556">
    <p class='ocr_par' dir='ltr' id='par_1_5' title="bbox 247 1485 1146 1556">
     <span class='ocr_line' id='line_1_12' title="bbox 247 1485 1146 1556; baseline 0.001 -14"><span class='ocrx_word' id='word_1_90' title='bbox 247 1492 337 1555; x_wconf 88' lang='lat' dir='ltr'>putes</span> <span class='ocrx_word' id='word_1_91' title='bbox 351 1505 426 1556; x_wconf 90' lang='lat' dir='ltr'>opus</span> <span class='ocrx_word' id='word_1_92' title='bbox 441 1505 507 1544; x_wconf 90' lang='lat' dir='ltr'>esse</span> <span class='ocrx_word' id='word_1_93' title='bbox 521 1506 590 1544; x_wconf 89' lang='lat' dir='ltr'>meo</span> <span class='ocrx_word' id='word_1_94' title='bbox 604 1490 727 1544; x_wconf 89' lang='lat' dir='ltr'>nomine</span> <span class='ocrx_word' id='word_1_95' title='bbox 742 1486 860 1544; x_wconf 82' lang='lat' dir='ltr'>litteras</span> <span class='ocrx_word' id='word_1_96' title='bbox 874 1486 949 1556; x_wconf 90' lang='lat' dir='ltr'>dari,</span> <span class='ocrx_word' id='word_1_97' title='bbox 963 1485 1056 1543; x_wconf 90' lang='lat' dir='ltr'>velim</span> <span class='ocrx_word' id='word_1_98' title='bbox 1072 1504 1146 1543; x_wconf 90' lang='lat' dir='ltr'>con-</span> 
     </span>
    </p>
   </div>
   <div class='ocr_carea' id='block_1_6' title="bbox 247 1593 656 1773">
    <p class='ocr_par' dir='ltr' id='par_1_6' title="bbox 247 1593 656 1773">
     <span class='ocr_line' id='line_1_13' title="bbox 247 1593 656 1664; baseline 0.002 -14"><span class='ocrx_word' id='word_1_99' title='bbox 247 1594 358 1651; x_wconf 82' lang='lat' dir='ltr'>scribas</span> <span class='ocrx_word' id='word_1_100' title='bbox 373 1613 519 1664; x_wconf 89' lang='lat' dir='ltr'>curesque</span> <span class='ocrx_word' id='word_1_101' title='bbox 534 1593 656 1655; x_wconf 84' lang='lat' dir='ltr'>dandas.</span> 
     </span>
     <span class='ocr_line' id='line_1_14' title="bbox 290 1700 633 1773; baseline 0 -13"><span class='ocrx_word' id='word_1_102' title='bbox 290 1701 371 1760; x_wconf 88' lang='lat' dir='ltr'>Data</span> <span class='ocrx_word' id='word_1_103' title='bbox 384 1720 450 1759; x_wconf 84' lang='lat' dir='ltr'>xnn</span> <span class='ocrx_word' id='word_1_104' title='bbox 466 1700 532 1759; x_wconf 86' lang='lat' dir='ltr'>Kal.</span> <span class='ocrx_word' id='word_1_105' title='bbox 549 1701 633 1773; x_wconf 89' lang='lat' dir='ltr'>Sept</span> 
     </span>
    </p>
   </div>
   <div class='ocr_carea' id='block_1_7' title="bbox 544 2054 841 2094">
    <p class='ocr_par' dir='ltr' id='par_1_7' title="bbox 544 2054 841 2094">
     <span class='ocr_line' id='line_1_15' title="bbox 544 2054 841 2094; baseline 0 -1"><span class='ocrx_word' id='word_1_106' title='bbox 544 2055 649 2093; x_wconf 80' lang='lat' dir='ltr'>CICERO</span> <span class='ocrx_word' id='word_1_107' title='bbox 663 2054 769 2094; x_wconf 71' lang='lat' dir='ltr'>amco</span> <span class='ocrx_word' id='word_1_108' title='bbox 783 2055 841 2093; x_wconf 76' lang='lat' dir='ltr'><strong>SAL.</strong></span> 
     </span>
    </p>
   </div>
   <div class='ocr_carea' id='block_1_8' title="bbox 1237 1352 1239 1387">
    <p class='ocr_par' dir='ltr' id='par_1_8' title="bbox 1237 1352 1239 1387">
     <span class='ocr_line' id='line_1_16' title="bbox 1237 1352 1239 1387; baseline 0 0"><span class='ocrx_word' id='word_1_109' title='bbox 1237 1352 1239 1387; x_wconf 84' lang='lat' dir='ltr'>l</span> 
     </span>
    </p>
   </div>
   <div class='ocr_carea' id='block_1_9' title="bbox 34 2143 1238 2326">
    <p class='ocr_par' dir='ltr' id='par_1_9' title="bbox 34 2114 1238 2326">
     <span class='ocr_line' id='line_1_17' title="bbox 34 2143 1146 2216; baseline 0.007 -20"><span class='ocrx_word' id='word_1_110' title='bbox 34 2150 92 2208; x_wconf 62' lang='lat' dir='ltr'>scr,</span> <span class='ocrx_word' id='word_1_111' title='bbox 113 2149 233 2209; x_wconf 54' lang='lat' dir='ltr'>Thessa.</span> <span class='ocrx_word' id='word_1_112' title='bbox 287 2144 399 2204; x_wconf 89' lang='lat' dir='ltr'>Totum</span> <span class='ocrx_word' id='word_1_113' title='bbox 413 2150 473 2203; x_wconf 94' lang='lat' dir='ltr'>iter</span> <span class='ocrx_word' id='word_1_114' title='bbox 486 2144 561 2203; x_wconf 91' lang='lat' dir='ltr'>mihi</span> <span class='ocrx_word' id='word_1_115' title='bbox 575 2149 727 2202; x_wconf 87' lang='lat' dir='ltr'>incertum</span> <span class='ocrx_word' id='word_1_116' title='bbox 740 2143 814 2202; x_wconf 87' lang='lat' dir='ltr'>facit</span> <span class='ocrx_word' id='word_1_117' title='bbox 828 2148 1016 2216; x_wconf 83' lang='lat' dir='ltr'>exspectatio</span> <span class='ocrx_word' id='word_1_118' title='bbox 1025 2144 1146 2204; x_wconf 88' lang='lat' dir='ltr'>littera·</span> 
     </span>
     <span class='ocr_line' id='line_1_18' title="bbox 35 2234 1238 2326; baseline 0.003 -17"><span class='ocrx_word' id='word_1_119' title='bbox 35 2234 141 2291; x_wconf 64' lang='lat' dir='ltr'>lOnW</span> <span class='ocrx_word' id='word_1_120' title='bbox 155 2234 223 2292; x_wconf 77' lang='grc' dir='ltr'>ΧῙῙ</span> <span class='ocrx_word' id='word_1_121' title='bbox 245 2274 312 2312; x_wconf 91' lang='lat' dir='ltr'>rum</span> <span class='ocrx_word' id='word_1_122' title='bbox 329 2262 497 2312; x_wconf 89' lang='lat' dir='ltr'>vestrarum</span> <span class='ocrx_word' id='word_1_123' title='bbox 511 2252 581 2310; x_wconf 86' lang='lat' dir='ltr'>Kal.</span> <span class='ocrx_word' id='word_1_124' title='bbox 602 2252 707 2312; x_wconf 88' lang='lat' dir='ltr'>Sextil.</span> <span class='ocrx_word' id='word_1_125' title='bbox 729 2252 875 2310; x_wconf 87' lang='lat' dir='ltr'>datarum.</span> <span class='ocrx_word' id='word_1_126' title='bbox 920 2252 1010 2324; x_wconf 88' lang='lat' dir='ltr'>Nam,</span> <span class='ocrx_word' id='word_1_127' title='bbox 1029 2257 1055 2310; x_wconf 93' lang='lat' dir='ltr'>si</span> <span class='ocrx_word' id='word_1_128' title='bbox 1074 2273 1145 2326; x_wconf 90' lang='lat' dir='ltr'>spes</span> <span class='ocrx_word' id='word_1_129' title='bbox 1237 2242 1238 2245; x_wconf 8' lang='grc' dir='ltr'><strong>Ἴ</strong></span> 
     </span>
    </p>
   </div>
   <div class='ocr_carea' id='block_1_10' title="bbox 33 2316 1144 2458">
    <p class='ocr_par' dir='ltr' id='par_1_10' title="bbox 33 2316 1144 2458">
     <span class='ocr_line' id='line_1_19' title="bbox 33 2316 1144 2458; baseline -0.019 -17"><span class='ocrx_word' id='word_1_130' title='bbox 33 2316 162 2458; x_wconf 36' lang='lat' dir='ltr'>&amp;sepa</span> <span class='ocrx_word' id='word_1_131' title='bbox 179 2339 205 2376; x_wconf 62' lang='grc' dir='ltr'>α’</span> <span class='ocrx_word' id='word_1_132' title='bbox 245 2366 314 2432; x_wconf 66' lang='lat' dir='ltr'>erit,</span> <span class='ocrx_word' id='word_1_133' title='bbox 339 2361 475 2433; x_wconf 79' lang='lat' dir='ltr'>Epirum,</span> <span class='ocrx_word' id='word_1_134' title='bbox 500 2365 526 2419; x_wconf 91' lang='lat' dir='ltr'>si</span> <span class='ocrx_word' id='word_1_135' title='bbox 549 2366 659 2433; x_wconf 78' lang='lat' dir='ltr'>minuS,</span> <span class='ocrx_word' id='word_1_136' title='bbox 683 2361 825 2432; x_wconf 83' lang='lat' dir='ltr'>Cyzicum</span> <span class='ocrx_word' id='word_1_137' title='bbox 847 2369 901 2418; x_wconf 90' lang='lat' dir='ltr'>aut</span> <span class='ocrx_word' id='word_1_138' title='bbox 923 2360 1006 2419; x_wconf 89' lang='lat' dir='ltr'>aliud</span> <span class='ocrx_word' id='word_1_139' title='bbox 1027 2360 1144 2433; x_wconf 90' lang='lat' dir='ltr'>aliquid</span> 
     </span>
    </p>
   </div>
   <div class='ocr_carea' id='block_1_11' title="bbox 244 2468 1144 2541">
    <p class='ocr_par' dir='ltr' id='par_1_11' title="bbox 244 2468 1144 2541">
     <span class='ocr_line' id='line_1_20' title="bbox 244 2468 1144 2541; baseline 0.002 -13"><span class='ocrx_word' id='word_1_140' title='bbox 244 2490 413 2541; x_wconf 88' lang='lat' dir='ltr'>sequemur.</span> <span class='ocrx_word' id='word_1_141' title='bbox 438 2469 522 2527; x_wconf 84' lang='lat' dir='ltr'>Tuae</span> <span class='ocrx_word' id='word_1_142' title='bbox 544 2469 669 2540; x_wconf 89' lang='lat' dir='ltr'>quidem</span> <span class='ocrx_word' id='word_1_143' title='bbox 691 2468 813 2527; x_wconf 83' lang='lat' dir='ltr'>litterae</span> <span class='ocrx_word' id='word_1_144' title='bbox 835 2488 896 2540; x_wconf 90' lang='lat' dir='ltr'>quo</span> <span class='ocrx_word' id='word_1_145' title='bbox 918 2473 1037 2541; x_wconf 91' lang='lat' dir='ltr'>saepius</span> <span class='ocrx_word' id='word_1_146' title='bbox 1056 2489 1075 2527; x_wconf 91' lang='lat' dir='ltr'>a</span> <span class='ocrx_word' id='word_1_147' title='bbox 1093 2490 1144 2530; x_wconf 90' lang='lat' dir='ltr'>me</span> 
     </span>
    </p>
   </div>
   <div class='ocr_carea' id='block_1_12' title="bbox 243 2566 1237 2649">
    <p class='ocr_par' dir='ltr' id='par_1_12' title="bbox 243 2566 1237 2649">
     <span class='ocr_line' id='line_1_21' title="bbox 243 2566 1237 2649; baseline 0 -14"><span class='ocrx_word' id='word_1_148' title='bbox 243 2578 398 2648; x_wconf 82' lang='lat' dir='ltr'>leguntur,</span> <span class='ocrx_word' id='word_1_149' title='bbox 413 2577 471 2635; x_wconf 90' lang='lat' dir='ltr'>hoc</span> <span class='ocrx_word' id='word_1_150' title='bbox 485 2597 571 2649; x_wconf 93' lang='lat' dir='ltr'>spem</span> <span class='ocrx_word' id='word_1_151' title='bbox 585 2576 701 2635; x_wconf 86' lang='lat' dir='ltr'>faciunt</span> <span class='ocrx_word' id='word_1_152' title='bbox 710 2576 786 2634; x_wconf 89' lang='lat' dir='ltr'>mihi</span> <span class='ocrx_word' id='word_1_153' title='bbox 796 2581 963 2645; x_wconf 90' lang='lat' dir='ltr'>minorem;</span> <span class='ocrx_word' id='word_1_154' title='bbox 984 2596 1144 2647; x_wconf 89' lang='lat' dir='ltr'>quaecum</span> <span class='ocrx_word' id='word_1_155' title='bbox 1236 2566 1237 2623; x_wconf 62' lang='grc' dir='ltr'>ἶ</span> 
     </span>
    </p>
   </div>
   <div class='ocr_carea' id='block_1_13' title="bbox 243 2684 1145 3281">
    <p class='ocr_par' dir='ltr' id='par_1_13' title="bbox 243 2684 1145 3281">
     <span class='ocr_line' id='line_1_22' title="bbox 243 2684 1143 2756; baseline 0.001 -14"><span class='ocrx_word' id='word_1_156' title='bbox 243 2685 343 2743; x_wconf 87' lang='lat' dir='ltr'>laetae</span> <span class='ocrx_word' id='word_1_157' title='bbox 360 2693 442 2756; x_wconf 89' lang='lat' dir='ltr'>sunt,</span> <span class='ocrx_word' id='word_1_158' title='bbox 456 2694 524 2744; x_wconf 91' lang='lat' dir='ltr'>tum</span> <span class='ocrx_word' id='word_1_159' title='bbox 541 2685 583 2755; x_wconf 84' lang='lat' dir='ltr'>id,</span> <span class='ocrx_word' id='word_1_160' title='bbox 600 2684 682 2756; x_wconf 89' lang='lat' dir='ltr'>quod</span> <span class='ocrx_word' id='word_1_161' title='bbox 701 2684 872 2742; x_wconf 86' lang='lat' dir='ltr'>attulerunt</span> <span class='ocrx_word' id='word_1_162' title='bbox 891 2684 930 2741; x_wconf 88' lang='lat' dir='ltr'>ad</span> <span class='ocrx_word' id='word_1_163' title='bbox 949 2704 1046 2756; x_wconf 89' lang='lat' dir='ltr'>spem,</span> <span class='ocrx_word' id='word_1_164' title='bbox 1060 2686 1143 2743; x_wconf 88' lang='lat' dir='ltr'>infir-</span> 
     </span>
     <span class='ocr_line' id='line_1_23' title="bbox 243 2782 1145 2864; baseline 0.003 -14"><span class='ocrx_word' id='word_1_165' title='bbox 243 2801 340 2864; x_wconf 86' lang='lat' dir='ltr'>mant,</span> <span class='ocrx_word' id='word_1_166' title='bbox 354 2801 390 2852; x_wconf 83' lang='lat' dir='ltr'>ut</span> <span class='ocrx_word' id='word_1_167' title='bbox 403 2793 492 2851; x_wconf 88' lang='lat' dir='ltr'>facile</span> <span class='ocrx_word' id='word_1_168' title='bbox 507 2801 652 2864; x_wconf 83' lang='lat' dir='ltr'>appareat</span> <span class='ocrx_word' id='word_1_169' title='bbox 665 2801 698 2851; x_wconf 90' lang='lat' dir='ltr'>te</span> <span class='ocrx_word' id='word_1_170' title='bbox 718 2800 752 2851; x_wconf 84' lang='lat' dir='ltr'>et</span> <span class='ocrx_word' id='word_1_171' title='bbox 771 2782 968 2850; x_wconf 73' lang='lat' dir='ltr'>consolationi</span> <span class='ocrx_word' id='word_1_172' title='bbox 981 2786 1095 2852; x_wconf 86' lang='lat' dir='ltr'>servire</span> <span class='ocrx_word' id='word_1_173' title='bbox 1110 2803 1145 2853; x_wconf 87' lang='lat' dir='ltr'>et</span> 
     </span>
     <span class='ocr_line' id='line_1_24' title="bbox 243 2899 1144 2974; baseline 0.003 -16"><span class='ocrx_word' id='word_1_174' title='bbox 243 2905 372 2959; x_wconf 87' lang='lat' dir='ltr'>veritati.</span> <span class='ocrx_word' id='word_1_175' title='bbox 419 2901 526 2972; x_wconf 85' lang='lat' dir='ltr'>Itaque</span> <span class='ocrx_word' id='word_1_176' title='bbox 541 2908 573 2958; x_wconf 88' lang='lat' dir='ltr'>te</span> <span class='ocrx_word' id='word_1_177' title='bbox 588 2920 672 2972; x_wconf 80' lang='lat' dir='ltr'>rogo,</span> <span class='ocrx_word' id='word_1_178' title='bbox 687 2899 777 2972; x_wconf 88' lang='lat' dir='ltr'>plane</span> <span class='ocrx_word' id='word_1_179' title='bbox 792 2908 828 2957; x_wconf 93' lang='lat' dir='ltr'>ut</span> <span class='ocrx_word' id='word_1_180' title='bbox 841 2899 881 2957; x_wconf 92' lang='lat' dir='ltr'>ad</span> <span class='ocrx_word' id='word_1_181' title='bbox 894 2920 955 2971; x_wconf 90' lang='lat' dir='ltr'>me,</span> <span class='ocrx_word' id='word_1_182' title='bbox 966 2920 1044 2971; x_wconf 85' lang='lat' dir='ltr'>quae</span> <span class='ocrx_word' id='word_1_183' title='bbox 1056 2906 1144 2974; x_wconf 90' lang='lat' dir='ltr'>scies,</span> 
     </span>
     <span class='ocr_line' id='line_1_25' title="bbox 244 3008 822 3081; baseline -0.005 -14"><span class='ocrx_word' id='word_1_184' title='bbox 244 3017 279 3067; x_wconf 90' lang='lat' dir='ltr'>ut</span> <span class='ocrx_word' id='word_1_185' title='bbox 294 3017 394 3080; x_wconf 89' lang='lat' dir='ltr'>erunt,</span> <span class='ocrx_word' id='word_1_186' title='bbox 409 3028 486 3080; x_wconf 89' lang='lat' dir='ltr'>quae</span> <span class='ocrx_word' id='word_1_187' title='bbox 501 3008 632 3081; x_wconf 83' lang='lat' dir='ltr'>putabis,</span> <span class='ocrx_word' id='word_1_188' title='bbox 647 3012 690 3066; x_wconf 87' lang='lat' dir='ltr'>ita</span> <span class='ocrx_word' id='word_1_189' title='bbox 704 3008 822 3065; x_wconf 90' lang='lat' dir='ltr'>scribas.</span> 
     </span>
     <span class='ocr_line' id='line_1_26' title="bbox 287 3116 507 3176; baseline -0.014 0"><span class='ocrx_word' id='word_1_190' title='bbox 287 3117 368 3176; x_wconf 86' lang='lat' dir='ltr'>Data</span> <span class='ocrx_word' id='word_1_191' title='bbox 382 3136 424 3173; x_wconf 83' lang='lat' dir='ltr'>xu</span> <span class='ocrx_word' id='word_1_192' title='bbox 441 3116 507 3174; x_wconf 83' lang='lat' dir='ltr'>Kal.</span> 
     </span>
     <span class='ocr_line' id='line_1_27' title="bbox 326 3230 386 3281; baseline 0 0"><span class='ocrx_word' id='word_1_193' title='bbox 326 3230 386 3281; x_wconf 76' lang='lat'>232</span> 
     </span>
    </p>
   </div>
   <div class='ocr_carea' id='block_1_14' title="bbox 0 0 1254 3850">
    <p class='ocr_par' dir='ltr' id='par_1_14' title="bbox 0 0 1254 3850">
     <span class='ocr_line' id='line_1_28' title="bbox 0 0 1254 3850; baseline 0 1"><span class='ocrx_word' id='word_1_194' title='bbox 0 0 1254 3850; x_wconf 95' lang='lat' dir='ltr'> </span> 
     </span>
    </p>
   </div>
  </div>
 </body>
</html>
