2480 3862
434 299 604 362 MARCUS
625 299 808 360 TULLIUS
830 300 980 360 CICERO

260 423 350 495 salto,
373 428 426 494 qui
448 431 610 496 praeesset.
656 423 741 481 Nihil
766 428 866 481 minus
891 423 1010 495 probari
1036 432 1161 495 poterat

260 539 351 592 quam
381 528 523 591 quaestor
550 520 724 577 Mescinius
769 520 850 577 Nam
877 519 917 577 de
949 519 1052 577 Caelio
1081 520 1161 578 m'hil

260 616 464 675 audiebamus.
511 617 723 674 Rectissimum
751 614 911 673 videbatm
936 615 1064 673 fratrem
1090 637 1161 674 cum

260 715 388 783 imperio
401 712 589 783 relinquere3
611 716 643 769 in
661 731 722 782 quo
739 711 836 769 multa
852 711 990 781 molesta,
1008 711 1161 770 discessus

261 815 374 878 noster,
389 808 463 867 belli
476 808 654 880 periculum,
669 807 802 864 militum
818 807 1004 878 improbitas,
1019 816 1163 866 sescenta

261 911 427 974 praeterea.
462 903 491 962 Ο
505 923 571 960 rem
585 910 682 961 totam
696 902 843 960 odiosam!
875 902 937 961 Sed
948 901 1163 961 haecfortuna

263 999 383 1070 viderit,
398 1004 541 1070 quoniam
555 999 680 1056 consilio
694 1019 758 1056 non
770 998 902 1056 multum
916 1002 962 1056 uti
976 998 1060 1056 licet.

304 1132 360 1203 Tu,
376 1132 497 1205 quando
514 1131 638 1189 Romam
653 1131 761 1201 salvus,
777 1139 812 1189 ut
827 1151 925 1203 spero,
939 1135 1061 1202 venisti,
1076 1131 1163 1190 vide-

262 1230 318 1300 bis,
333 1236 369 1286 ut
383 1228 471 1298 soles,
487 1232 597 1297 omnia,
612 1247 690 1298 quae
706 1227 868 1297 intelleges
882 1235 987 1285 nostra
999 1231 1163 1298 interesse,

262 1329 409 1396 imprimis
431 1324 470 1382 de
491 1323 592 1382 Tullia
611 1343 689 1393 mea,
711 1327 796 1380 cuius
821 1322 860 1380 de
885 1322 1064 1380 condicione
1085 1322 1163 1393 quid

262 1420 338 1478 mihi
352 1420 497 1492 placeret,
512 1423 616 1490 scripsi
630 1419 669 1476 ad
683 1418 869 1488 Terentiam,
884 1438 954 1475 cum
968 1426 1003 1475 tu
1017 1423 1050 1475 in
1065 1418 1162 1476 Grae-

263 1521 309 1573 cia
324 1535 420 1585 esses;
442 1515 554 1573 deinde
572 1515 611 1572 de
629 1514 743 1572 honore
760 1522 871 1572 nostro.
916 1512 1008 1585 Quod
1028 1517 1113 1571 enim
1127 1521 1161 1571 tu

263 1611 376 1682 afuisti,
390 1630 506 1682 vereor,
521 1618 556 1668 ut
571 1614 643 1668 satis
657 1609 824 1681 diligenter
837 1617 940 1666 actum
954 1614 987 1666 in
1001 1616 1111 1667 senatu
1123 1614 1163 1667 sit

264 1708 303 1766 de
317 1707 428 1765 litteris
442 1711 525 1764 meis.

308 1803 389 1861 Illud
417 1810 576 1874 praeterea
604 1799 816 1872 nooram'mpov
839 1800 879 1858 ad
904 1807 937 1858 te
962 1800 1102 1871 scribam,
1128 1809 1162 1858 tu

265 1903 400 1969 sagacius
415 1898 587 1956 odorabere.
633 1897 690 1969 Τῆς
709 1894 848 1967 δάμαρτός
865 1920 920 1967 μου
937 1894 953 1952 ὁ
970 1894 1163 1968 ἀπελεύθερος

265 1982 373 2064 (οἶσθα,
396 1992 428 2051 ὃν
446 1982 537 2063 λέγω)
557 1986 632 2064 ἔδοξέ
652 2016 699 2063 μοι
722 1991 827 2063 πρώην,
850 1985 879 2063 ἒξ
898 1993 935 2050 ὧν
953 1989 1164 2062 ἀλογευόμενος
1225 1980 1226 2009 ³

265 2081 490 2161 παρὲφθέγγετο,
517 2086 708 2159 πεφυρακὲναι
732 2086 783 2149 τὰς
809 2087 922 2158 ψήφους
951 2084 981 2143 ἔκ
1008 2087 1062 2158 τῆς
1093 2087 1164 2160 ὠνῆς

265 2185 322 2265 τῶν
339 2183 527 2257 ὑπαρχόντων
545 2183 597 2242 τοῦ
618 2182 820 2254 Κροτωνιάτου
836 2180 1068 2253 τυραννοκτόνου.
1116 2182 1166 2241 Δέ-

266 2282 347 2340 δοικα
367 2281 408 2353 δή,
431 2280 470 2352 μή
487 2304 516 2338 τι
538 2279 652 2352 νοήσῃς.
696 2277 747 2340 Εἷς
768 2278 858 2350 δήπου
875 2277 961 2335 τοῦτο
979 2275 1013 2348 δὴ
1033 2302 1167 2349 περισκε-

267 2376 390 2450 ψάμενος
412 2376 449 2434 vd
472 2374 562 2433 λοιπὰ
585 2369 792 2447 ἔξυσφάλοσαι.
836 2373 907 2431 Non
930 2392 1008 2443 queo
1030 2380 1166 2446 tantum,

267 2480 415 2545 quantum
430 2491 543 2541 vereor,
555 2471 700 2538 scribere,
716 2477 751 2527 tu
765 2477 869 2527 autem
883 2468 941 2540 fac,
952 2475 987 2525 ut
1001 2468 1080 2526 milri
1094 2478 1167 2528 tuae

267 2570 388 2627 litterae
414 2566 519 2625 volent
546 2567 660 2623 obviae.
706 2566 794 2622 Haec
823 2563 969 2622 festinans
998 2570 1107 2637 scripsi
1134 2570 1168 2623 in

267 2669 377 2722 itinere
388 2671 481 2733 atque
491 2665 620 2732 agmine.
660 2661 753 2719 Piliae
765 2668 798 2718 et
808 2660 928 2731 puellae
940 2659 1091 2719 Caeciliae
1103 2661 1168 2719 bel-

268 2761 400 2818 lissimae
415 2758 544 2817 salutem
559 2757 648 2815 dices
