2512 3958
437 377 619 466 ¹umacus
640 405 823 465 rutulus
845 405 996 465 elcsuo

274 525 407 586 Pontius.
431 530 544 587 Verum
555 528 613 587 hoc
624 528 785 587 ridiculum
796 535 844 586 est
854 528 894 586 de
904 532 1057 598 magistro.
1082 527 1174 586 Nunc

272 640 421 693 cognosce
444 643 517 681 rem.
572 625 701 696 Rogavit
723 644 773 682 me
796 624 953 694 Caecilius,
973 631 1012 681 ut
1033 622 1174 683 adessem

272 726 378 775 contra
393 719 542 791 Satyrum.
577 720 652 778 Dies
666 718 731 779 fere
746 720 847 777 nullus
861 727 918 790 est,
930 723 1004 790 quin
1018 719 1068 776 hic
1083 718 1173 791 Saty-

272 833 322 871 rus
345 813 470 873 domum
492 836 591 874 meam
612 820 760 884 ventitet3
781 816 922 873 observat
943 813 976 873 L.
1001 815 1173 874 Domitium

272 913 413 980 maxime,
424 931 474 969 me
485 910 580 970 habet
592 916 778 983 proximum;
799 911 860 969 fuit
873 919 906 970 et
919 911 995 969 mihi
1006 918 1039 970 et
1053 909 1173 983 Quinto

272 1004 358 1062 fratri
377 1026 488 1078 magno
495 1011 570 1066 -usui
588 1011 621 1064 in
637 1011 733 1066 nostri
752 1007 959 1079 petitionibus.
1004 1007 1083 1067 Sane
1102 1027 1172 1066 sum

272 1108 467 1177 perturbatus
481 1129 551 1167 cum
569 1113 662 1181 ipsius
682 1109 782 1180 Satyri
801 1108 1005 1166 familiaritate
1019 1116 1086 1165 tum
1107 1107 1171 1166 Do-

272 1212 350 1280 miti,
364 1213 397 1267 in
411 1230 471 1282 quo
485 1231 547 1269 uno
561 1216 692 1269 maxime
706 1211 832 1268 ambitio
845 1217 949 1269 nostra
962 1213 1078 1268 nititur.
1106 1210 1172 1268 De·

272 1317 436 1370 monstravi
451 1312 526 1370 baec
538 1313 668 1371 Caecilio
682 1313 771 1371 simul
787 1320 819 1371 et
833 1312 909 1371 illud
923 1311 1053 1383 ostendi,
1063 1309 1090 1370 si
1105 1315 1171 1385 ipse
1235 1380 1236 1393 χ

272 1432 350 1470 unus
365 1433 435 1471 cum
449 1413 502 1470 illo
517 1433 578 1471 uno
593 1414 804 1486 contenderet,
819 1435 869 1472 me
884 1418 913 1472 ei
932 1419 1004 1472 satis
1018 1413 1191 1485 facturum³
1235 1398 1237 1457 Ᾰ

272 1513 380 1582 fuisse3
401 1519 529 1572 nuncin
544 1535 633 1574 causa
646 1519 854 1574 universorum
868 1515 1061 1587 creditorum,
1073 1515 1171 1573 homi·
1234 1496 1236 1565 ἶ

272 1635 346 1673 num
367 1620 545 1688 praesertim
565 1617 826 1689 amplissimorum,
848 1621 988 1688 quisine
1010 1637 1056 1688 eo,
1078 1637 1171 1688 quem

273 1717 419 1775 Caecilius
438 1738 492 1776 suo
509 1723 632 1776 nomine
652 1718 837 1791 perhiberet,
852 1718 940 1778 facile
955 1739 1073 1777 causam
1088 1738 1171 1776 com·
1200 1704 1205 1727 '

271 1839 396 1878 munem
411 1825 607 1892 sustinerent,
622 1840 753 1891 aequum
768 1840 833 1878 esse
849 1841 919 1879 eum
934 1829 967 1879 et
986 1821 1081 1878 officio
1100 1840 1171 1879 meo
1204 1807 1210 1831 ³
1234 1806 1236 1919 4

272 1922 428 1980 consulere
458 1930 491 1980 et
518 1926 656 1994 tempori.
703 1922 815 1980 Durius
843 1926 980 1995 accipere
1008 1921 1065 1979 boc
1094 1921 1171 1980 mihi
1209 1938 1213 1954 ⁸

271 2026 351 2080 visus
363 2031 419 2094 est,
432 2043 523 2094 quam
534 2023 655 2095 vellem,
667 2031 699 2082 et
713 2043 804 2095 quam
818 2023 956 2082 homines
971 2023 1044 2081 belli
1058 2022 1169 2092 solent,
1196 2076 1204 2085 .

271 2131 304 2181 et
323 2132 429 2196 postea
449 2145 569 2197 prorsus
588 2125 627 2182 ab
645 2129 786 2183 instituta
800 2133 902 2183 nostra
922 2106 1085 2197 paucorum
1104 2124 1169 2182 die·

271 2245 338 2283 rum
353 2225 573 2285 consuetudine
588 2227 679 2298 longe
694 2226 815 2298 refugit.
1213 2288 1215 2294 ,
1232 2246 1235 2355 j

313 2327 377 2387 Abs
391 2337 424 2388 te
438 2336 521 2401 peto,
536 2337 572 2387 ut
585 2328 661 2386 mihi
680 2329 737 2387 boc
752 2333 888 2400 ignoscas
903 2334 936 2386 ct
950 2349 999 2386 me
1015 2331 1169 2386 existimes
1232 2358 1234 2407 j

270 2428 462 2488 humanitate
474 2449 539 2488 esse
550 2430 746 2502 prohibitum,
756 2450 796 2488 ne
808 2438 913 2487 contra
924 2432 1012 2487 amici
1021 2448 1169 2486 summam
1232 2410 1234 2467 l

270 2533 527 2588 existimationem
537 2535 704 2589 miserrimo
715 2534 779 2590 eius
794 2539 932 2603 tempore
943 2533 1087 2600 venirem,
1099 2549 1169 2587 cum
1233 2550 1234 2563 ÷

269 2635 294 2689 is
320 2636 422 2690 omnia
450 2652 503 2690 sua
532 2633 632 2691 studia
660 2640 693 2690 et
721 2632 816 2689 officia
841 2636 873 2689 in
902 2652 951 2690 mc
980 2630 1166 2690 contulisset.
1231 2616 1234 2709 l

269 2731 388 2805 Quodsi
402 2733 484 2792 voles
504 2738 536 2791 in
555 2753 686 2792 maesse
706 2733 817 2804 durior,
832 2733 1030 2790 ambitionem
1047 2732 1168 2803 putabis

191 2820 194 2821 ⁷
268 2833 344 2892 mihi
361 2836 522 2894 obstitisse.
568 2834 635 2906 Ego
652 2842 758 2892 autem
777 2835 914 2904 arbitror,
930 2836 1048 2891 etiamsi
1067 2832 1099 2890 id
1119 2837 1168 2903 sit,
1230 2860 1233 2887 l

267 2929 343 2988 mihi
358 2931 579 3002 ignoscendum
594 2950 670 3000 esse,

493 3032 552 3092 ἐπεὶ
569 3031 625 3104 οὐχ
641 3030 746 3103 ἱερήιον
761 3028 822 3088 οὐδὲ
836 3028 944 3102 βοείην.

268 3148 363 3206 Vides
378 3153 471 3219 enim,
486 3151 594 3218 inquo
609 3164 697 3202 cursu
712 3148 804 3203 simus
820 3151 852 3202 et
871 3164 963 3216 quam
978 3163 1082 3202 omncs
1100 3164 1167 3216 gra-
1230 3152 1232 3183 ³

266 3255 324 3308 tias
339 3270 402 3308 non
422 3248 513 3307 modo
532 3245 718 3316 retinendas,
733 3265 837 3303 verum
859 3249 951 3304 etiam
971 3246 1169 3316 acquirendas
1231 3316 1232 3323 ἵ

352 3349 372 3409 ⁶
1229 3328 1232 3409 i

1228 3486 1231 3541 l
