<?xml version="1.0" encoding="UTF-8"?>
<!DOCTYPE html PUBLIC "-//W3C//DTD XHTML 1.0 Transitional//EN"
    "http://www.w3.org/TR/xhtml1/DTD/xhtml1-transitional.dtd">
<html xmlns="http://www.w3.org/1999/xhtml" xml:lang="en" lang="en">
 <head>
  <title>
</title>
<meta http-equiv="Content-Type" content="text/html;charset=utf-8" />
  <meta name='ocr-system' content='tesseract 3.04.00' />
  <meta name='ocr-capabilities' content='ocr_page ocr_carea ocr_par ocr_line ocrx_word'/>
</head>
<body>
  <div class='ocr_page' id='page_1' title='image "./letterstoatticu00winsgoog_0057.png"; bbox 0 0 2512 3958; ppageno 0'>
   <div class='ocr_carea' id='block_1_1' title="bbox 428 515 975 577">
    <p class='ocr_par' dir='ltr' id='par_1_1' title="bbox 428 515 975 577">
     <span class='ocr_line' id='line_1_1' title="bbox 428 515 975 577; baseline 0.007 -4"><span class='ocrx_word' id='word_1_1' title='bbox 428 516 597 576; x_wconf 88' lang='lat' dir='ltr'>MARCUS</span> <span class='ocrx_word' id='word_1_2' title='bbox 619 515 801 576; x_wconf 89' lang='lat' dir='ltr'>TULLIUS</span> <span class='ocrx_word' id='word_1_3' title='bbox 825 516 975 577; x_wconf 88' lang='lat' dir='ltr'>CICERO</span> 
     </span>
    </p>
   </div>
   <div class='ocr_carea' id='block_1_2' title="bbox 219 637 1255 3193">
    <p class='ocr_par' dir='ltr' id='par_1_2' title="bbox 219 637 1255 3193">
     <span class='ocr_line' id='line_1_2' title="bbox 253 637 1151 709; baseline -0.004 -13"><span class='ocrx_word' id='word_1_4' title='bbox 253 638 439 709; x_wconf 88' lang='lat' dir='ltr'><strong>Pompeium.</strong></span> <span class='ocrx_word' id='word_1_5' title='bbox 486 637 544 696; x_wconf 89' lang='lat' dir='ltr'><strong>Res</strong></span> <span class='ocrx_word' id='word_1_6' title='bbox 558 638 705 709; x_wconf 83' lang='lat' dir='ltr'>agebatur</span> <span class='ocrx_word' id='word_1_7' title='bbox 719 642 751 694; x_wconf 92' lang='lat' dir='ltr'><strong>in</strong></span> <span class='ocrx_word' id='word_1_8' title='bbox 766 642 845 695; x_wconf 93' lang='lat' dir='ltr'><strong>circo</strong></span> <span class='ocrx_word' id='word_1_9' title='bbox 861 637 1018 707; x_wconf 91' lang='lat' dir='ltr'><strong>Flaminio,</strong></span> <span class='ocrx_word' id='word_1_10' title='bbox 1035 643 1067 694; x_wconf 89' lang='lat' dir='ltr'><strong>et</strong></span> <span class='ocrx_word' id='word_1_11' title='bbox 1085 643 1151 693; x_wconf 89' lang='lat' dir='ltr'><strong>erat</strong></span> 
     </span>
     <span class='ocr_line' id='line_1_3' title="bbox 253 743 1148 818; baseline -0.002 -14"><span class='ocrx_word' id='word_1_12' title='bbox 253 752 286 805; x_wconf 90' lang='lat' dir='ltr'><strong>in</strong></span> <span class='ocrx_word' id='word_1_13' title='bbox 300 766 337 805; x_wconf 92' lang='lat' dir='ltr'><strong>eo</strong></span> <span class='ocrx_word' id='word_1_14' title='bbox 351 751 415 818; x_wconf 89' lang='lat' dir='ltr'><strong>ipso</strong></span> <span class='ocrx_word' id='word_1_15' title='bbox 430 746 496 804; x_wconf 89' lang='lat' dir='ltr'><strong>loco</strong></span> <span class='ocrx_word' id='word_1_16' title='bbox 510 745 563 804; x_wconf 92' lang='lat' dir='ltr'><strong>illo</strong></span> <span class='ocrx_word' id='word_1_17' title='bbox 577 746 627 803; x_wconf 92' lang='lat' dir='ltr'><strong>die</strong></span> <span class='ocrx_word' id='word_1_18' title='bbox 641 745 846 803; x_wconf 91' lang='lat' dir='ltr'><strong>nundinarum</strong></span> <span class='ocrx_word' id='word_1_19' title='bbox 854 745 1021 817; x_wconf 81' lang='grc' dir='ltr'>πανήγυρις.</span> <span class='ocrx_word' id='word_1_20' title='bbox 1046 743 1148 815; x_wconf 84' lang='lat' dir='ltr'><strong>Quae-</strong></span> 
     </span>
     <span class='ocr_line' id='line_1_4' title="bbox 254 853 1149 927; baseline -0.004 -14"><span class='ocrx_word' id='word_1_21' title='bbox 254 859 324 913; x_wconf 89' lang='lat' dir='ltr'><strong>sivit</strong></span> <span class='ocrx_word' id='word_1_22' title='bbox 339 875 376 912; x_wconf 90' lang='lat' dir='ltr'><strong>ex</strong></span> <span class='ocrx_word' id='word_1_23' title='bbox 391 875 437 925; x_wconf 90' lang='lat' dir='ltr'><strong>eo,</strong></span> <span class='ocrx_word' id='word_1_24' title='bbox 452 854 627 927; x_wconf 82' lang='lat' dir='ltr'><strong>placeretne</strong></span> <span class='ocrx_word' id='word_1_25' title='bbox 642 859 670 912; x_wconf 91' lang='lat' dir='ltr'><strong>ei</strong></span> <span class='ocrx_word' id='word_1_26' title='bbox 685 854 800 912; x_wconf 89' lang='lat' dir='ltr'><strong>iudices</strong></span> <span class='ocrx_word' id='word_1_27' title='bbox 814 875 832 910; x_wconf 92' lang='lat' dir='ltr'><strong>a</strong></span> <span class='ocrx_word' id='word_1_28' title='bbox 845 862 984 926; x_wconf 88' lang='lat' dir='ltr'><strong>praetore</strong></span> <span class='ocrx_word' id='word_1_29' title='bbox 1001 853 1074 924; x_wconf 80' lang='lat' dir='ltr'><strong>legi,</strong></span> <span class='ocrx_word' id='word_1_30' title='bbox 1089 872 1149 923; x_wconf 88' lang='lat' dir='ltr'><strong>quo</strong></span> 
     </span>
     <span class='ocr_line' id='line_1_5' title="bbox 254 960 1147 1035; baseline -0.003 -14"><span class='ocrx_word' id='word_1_31' title='bbox 254 963 378 1035; x_wconf 81' lang='lat' dir='ltr'><strong>consilio</strong></span> <span class='ocrx_word' id='word_1_32' title='bbox 401 963 484 1020; x_wconf 90' lang='lat' dir='ltr'><strong>idem</strong></span> <span class='ocrx_word' id='word_1_33' title='bbox 505 970 626 1034; x_wconf 90' lang='lat' dir='ltr'><strong>praetor</strong></span> <span class='ocrx_word' id='word_1_34' title='bbox 648 970 795 1021; x_wconf 89' lang='lat' dir='ltr'><strong>uteretur.</strong></span> <span class='ocrx_word' id='word_1_35' title='bbox 841 961 877 1019; x_wconf 92' lang='lat' dir='ltr'><strong>Id</strong></span> <span class='ocrx_word' id='word_1_36' title='bbox 897 970 1000 1019; x_wconf 91' lang='lat' dir='ltr'><strong>autem</strong></span> <span class='ocrx_word' id='word_1_37' title='bbox 1020 968 1085 1019; x_wconf 91' lang='lat' dir='ltr'><strong>erat</strong></span> <span class='ocrx_word' id='word_1_38' title='bbox 1108 960 1147 1018; x_wconf 93' lang='lat' dir='ltr'><strong>de</strong></span> 
     </span>
     <span class='ocr_line' id='line_1_6' title="bbox 257 1068 1150 1141; baseline -0.003 -13"><span class='ocrx_word' id='word_1_39' title='bbox 257 1070 400 1128; x_wconf 87' lang='lat' dir='ltr'><strong>Clodiana</strong></span> <span class='ocrx_word' id='word_1_40' title='bbox 428 1070 574 1141; x_wconf 80' lang='lat' dir='ltr'>religione</span> <span class='ocrx_word' id='word_1_41' title='bbox 602 1071 641 1127; x_wconf 94' lang='lat' dir='ltr'><strong>ab</strong></span> <span class='ocrx_word' id='word_1_42' title='bbox 673 1078 780 1128; x_wconf 90' lang='lat' dir='ltr'><strong>senatu</strong></span> <span class='ocrx_word' id='word_1_43' title='bbox 809 1074 1016 1127; x_wconf 90' lang='lat' dir='ltr'><strong>constitutum.</strong></span> <span class='ocrx_word' id='word_1_44' title='bbox 1072 1068 1150 1126; x_wconf 92' lang='lat' dir='ltr'><strong>Tum</strong></span> 
     </span>
     <span class='ocr_line' id='line_1_7' title="bbox 257 1171 1150 1250; baseline -0.002 -15"><span class='ocrx_word' id='word_1_45' title='bbox 257 1177 417 1250; x_wconf 89' lang='lat' dir='ltr'><strong>Pompeius</strong></span> <span class='ocrx_word' id='word_1_46' title='bbox 431 1177 501 1248; x_wconf 81' lang='grc' dir='ltr'>μάλ’</span> <span class='ocrx_word' id='word_1_47' title='bbox 515 1176 760 1249; x_wconf 80' lang='grc' dir='ltr'>ἀριστοκρατικῶς</span> <span class='ocrx_word' id='word_1_48' title='bbox 774 1177 892 1235; x_wconf 87' lang='lat' dir='ltr'><strong>locutus</strong></span> <span class='ocrx_word' id='word_1_49' title='bbox 907 1171 954 1235; x_wconf 83' lang='lat' dir='ltr'><strong>est</strong></span> <span class='ocrx_word' id='word_1_50' title='bbox 968 1184 1150 1246; x_wconf 84' lang='lat' dir='ltr'><strong>senatusque</strong></span> 
     </span>
     <span class='ocr_line' id='line_1_8' title="bbox 256 1284 1151 1345; baseline -0.002 -2"><span class='ocrx_word' id='word_1_51' title='bbox 256 1291 468 1345; x_wconf 89' lang='lat' dir='ltr'><strong>auctoritatem</strong></span> <span class='ocrx_word' id='word_1_52' title='bbox 486 1287 542 1343; x_wconf 89' lang='lat' dir='ltr'>sibi</span> <span class='ocrx_word' id='word_1_53' title='bbox 561 1287 700 1344; x_wconf 93' lang='lat' dir='ltr'><strong>omnibus</strong></span> <span class='ocrx_word' id='word_1_54' title='bbox 719 1290 751 1343; x_wconf 92' lang='lat' dir='ltr'><strong>in</strong></span> <span class='ocrx_word' id='word_1_55' title='bbox 771 1287 860 1343; x_wconf 90' lang='lat' dir='ltr'><strong>rebus</strong></span> <span class='ocrx_word' id='word_1_56' title='bbox 879 1290 1041 1342; x_wconf 83' lang='lat' dir='ltr'><strong>maximam</strong></span> <span class='ocrx_word' id='word_1_57' title='bbox 1054 1284 1151 1342; x_wconf 89' lang='lat' dir='ltr'><strong>videri</strong></span> 
     </span>
     <span class='ocr_line' id='line_1_9' title="bbox 257 1393 1149 1479; baseline -0.003 -28"><span class='ocrx_word' id='word_1_58' title='bbox 257 1414 437 1467; x_wconf 84' lang='lat' dir='ltr'><strong>semperque</strong></span> <span class='ocrx_word' id='word_1_59' title='bbox 452 1399 545 1451; x_wconf 88' lang='lat' dir='ltr'><strong>visam</strong></span> <span class='ocrx_word' id='word_1_60' title='bbox 560 1414 625 1451; x_wconf 92' lang='lat' dir='ltr'><strong>esse</strong></span> <span class='ocrx_word' id='word_1_61' title='bbox 645 1393 802 1464; x_wconf 84' lang='lat' dir='ltr'><strong>respondit</strong></span> <span class='ocrx_word' id='word_1_62' title='bbox 821 1402 854 1451; x_wconf 89' lang='lat' dir='ltr'><strong>et</strong></span> <span class='ocrx_word' id='word_1_63' title='bbox 873 1393 905 1451; x_wconf 92' lang='lat' dir='ltr'><strong>id</strong></span> <span class='ocrx_word' id='word_1_64' title='bbox 924 1393 1028 1479; x_wconf 85' lang='lat' dir='ltr'><strong>multis</strong></span> <span class='ocrx_word' id='word_1_65' title='bbox 1042 1393 1149 1449; x_wconf 88' lang='lat' dir='ltr'><strong>verbis.</strong></span> 
     </span>
     <span class='ocr_line' id='line_1_10' title="bbox 219 1500 1179 1571; baseline -0.002 -13"><span class='ocrx_word' id='word_1_66' title='bbox 219 1500 374 1559; x_wconf 40' lang='lat' dir='ltr'><strong>[Postea.</strong></span> <span class='ocrx_word' id='word_1_67' title='bbox 387 1501 529 1558; x_wconf 81' lang='lat' dir='ltr'><strong>Messalla</strong></span> <span class='ocrx_word' id='word_1_68' title='bbox 543 1501 647 1558; x_wconf 86' lang='lat' dir='ltr'><strong>consul</strong></span> <span class='ocrx_word' id='word_1_69' title='bbox 667 1505 699 1557; x_wconf 92' lang='lat' dir='ltr'><strong>in</strong></span> <span class='ocrx_word' id='word_1_70' title='bbox 714 1508 821 1558; x_wconf 89' lang='lat' dir='ltr'><strong>senatu</strong></span> <span class='ocrx_word' id='word_1_71' title='bbox 836 1501 875 1558; x_wconf 91' lang='lat' dir='ltr'><strong>de</strong></span> <span class='ocrx_word' id='word_1_72' title='bbox 897 1500 1040 1571; x_wconf 92' lang='lat' dir='ltr'><strong>Pompeio</strong></span> <span class='ocrx_word' id='word_1_73' title='bbox 1059 1519 1150 1570; x_wconf 89' lang='lat' dir='ltr'><strong>quae·</strong></span> <span class='ocrx_word' id='word_1_74' title='bbox 1175 1561 1179 1569; x_wconf 29' lang='lat'><strong>⁴</strong></span> 
     </span>
     <span class='ocr_line' id='line_1_11' title="bbox 258 1608 1152 1680; baseline -0.002 -14"><span class='ocrx_word' id='word_1_75' title='bbox 258 1608 425 1679; x_wconf 73' lang='lat' dir='ltr'><strong>sivit,&#39;quid</strong></span> <span class='ocrx_word' id='word_1_76' title='bbox 447 1608 486 1665; x_wconf 92' lang='lat' dir='ltr'><strong>de</strong></span> <span class='ocrx_word' id='word_1_77' title='bbox 506 1608 653 1679; x_wconf 83' lang='lat' dir='ltr'><strong>religione</strong></span> <span class='ocrx_word' id='word_1_78' title='bbox 673 1616 706 1666; x_wconf 90' lang='lat' dir='ltr'><strong>ct</strong></span> <span class='ocrx_word' id='word_1_79' title='bbox 725 1608 764 1665; x_wconf 93' lang='lat' dir='ltr'><strong>de</strong></span> <span class='ocrx_word' id='word_1_80' title='bbox 784 1608 974 1680; x_wconf 86' lang='lat' dir='ltr'><strong>promulgata</strong></span> <span class='ocrx_word' id='word_1_81' title='bbox 995 1612 1152 1678; x_wconf 83' lang='lat' dir='ltr'><strong>rogatione</strong></span> 
     </span>
     <span class='ocr_line' id='line_1_12' title="bbox 255 1715 1152 1786; baseline -0.001 -12"><span class='ocrx_word' id='word_1_82' title='bbox 255 1721 394 1783; x_wconf 79' lang='lat' dir='ltr'><strong>sentiret.</strong></span> <span class='ocrx_word' id='word_1_83' title='bbox 439 1715 572 1774; x_wconf 87' lang='lat' dir='ltr'><strong>Locutus</strong></span> <span class='ocrx_word' id='word_1_84' title='bbox 592 1719 636 1773; x_wconf 88' lang='lat' dir='ltr'><strong>ita</strong></span> <span class='ocrx_word' id='word_1_85' title='bbox 650 1723 697 1774; x_wconf 90' lang='lat' dir='ltr'><strong>est</strong></span> <span class='ocrx_word' id='word_1_86' title='bbox 715 1720 748 1773; x_wconf 90' lang='lat' dir='ltr'><strong>in</strong></span> <span class='ocrx_word' id='word_1_87' title='bbox 765 1724 883 1786; x_wconf 89' lang='lat' dir='ltr'><strong>senatu,</strong></span> <span class='ocrx_word' id='word_1_88' title='bbox 898 1724 934 1774; x_wconf 93' lang='lat' dir='ltr'><strong>ut</strong></span> <span class='ocrx_word' id='word_1_89' title='bbox 953 1720 1053 1773; x_wconf 89' lang='lat' dir='ltr'><strong>omnia</strong></span> <span class='ocrx_word' id='word_1_90' title='bbox 1072 1715 1152 1773; x_wconf 90' lang='lat' dir='ltr'><strong>illius</strong></span> 
     </span>
     <span class='ocr_line' id='line_1_13' title="bbox 258 1823 1152 1908; baseline -0.002 -26"><span class='ocrx_word' id='word_1_91' title='bbox 258 1824 370 1882; x_wconf 89' lang='lat' dir='ltr'><strong>ordinis</strong></span> <span class='ocrx_word' id='word_1_92' title='bbox 385 1824 522 1882; x_wconf 89' lang='lat' dir='ltr'><strong>consulta</strong></span> <span class='ocrx_word' id='word_1_93' title='bbox 537 1823 653 1895; x_wconf 80' lang='grc' dir='ltr'>γενικῶς</span> <span class='ocrx_word' id='word_1_94' title='bbox 664 1824 810 1908; x_wconf 88' lang='lat' dir='ltr'><strong>laudaret,</strong></span> <span class='ocrx_word' id='word_1_95' title='bbox 822 1823 967 1896; x_wconf 89' lang='lat' dir='ltr'><strong>mihique,</strong></span> <span class='ocrx_word' id='word_1_96' title='bbox 978 1832 1013 1881; x_wconf 93' lang='lat' dir='ltr'><strong>ut</strong></span> <span class='ocrx_word' id='word_1_97' title='bbox 1023 1823 1152 1892; x_wconf 90' lang='lat' dir='ltr'><strong>adsedit,</strong></span> 
     </span>
     <span class='ocr_line' id='line_1_14' title="bbox 259 1917 1150 2005; baseline -0.001 -15"><span class='ocrx_word' id='word_1_98' title='bbox 259 1932 336 1991; x_wconf 85' lang='lat' dir='ltr'><strong>dixit</strong></span> <span class='ocrx_word' id='word_1_99' title='bbox 358 1952 390 1990; x_wconf 90' lang='lat' dir='ltr'><strong>se</strong></span> <span class='ocrx_word' id='word_1_100' title='bbox 412 1940 520 2005; x_wconf 87' lang='lat' dir='ltr'><strong>putare</strong></span> <span class='ocrx_word' id='word_1_101' title='bbox 542 1936 613 1989; x_wconf 87' lang='lat' dir='ltr'><strong>satis</strong></span> <span class='ocrx_word' id='word_1_102' title='bbox 635 1932 674 1988; x_wconf 88' lang='lat' dir='ltr'><strong>ab</strong></span> <span class='ocrx_word' id='word_1_103' title='bbox 697 1952 729 1990; x_wconf 93' lang='lat' dir='ltr'><strong>se</strong></span> <span class='ocrx_word' id='word_1_104' title='bbox 754 1936 847 1990; x_wconf 88' lang='lat' dir='ltr'><strong>etiam</strong></span> <span class='ocrx_word' id='word_1_105' title='bbox 862 1917 926 1989; x_wconf 78' lang='lat' dir='ltr'><strong>“de</strong></span> <span class='ocrx_word' id='word_1_106' title='bbox 948 1936 1013 1990; x_wconf 93' lang='lat' dir='ltr'><strong>istis</strong></span> <span class='ocrx_word' id='word_1_107' title='bbox 1034 1932 1124 1989; x_wconf 89' lang='lat' dir='ltr'><strong>rebus</strong></span> <span class='ocrx_word' id='word_1_108' title='bbox 1134 1932 1150 1952; x_wconf 92' lang='lat'><strong>’&#39;</strong></span> 
     </span>
     <span class='ocr_line' id='line_1_15' title="bbox 259 2018 1153 2125; baseline -0.002 -27"><span class='ocrx_word' id='word_1_109' title='bbox 259 2059 325 2098; x_wconf 88' lang='lat' dir='ltr'><strong>esse</strong></span> <span class='ocrx_word' id='word_1_110' title='bbox 339 2034 545 2112; x_wconf 76' lang='lat' dir='ltr'><strong>responsum.³&#39;</strong></span> <span class='ocrx_word' id='word_1_111' title='bbox 562 2018 683 2097; x_wconf 78' lang='lat' dir='ltr'><strong>Crassus</strong></span> <span class='ocrx_word' id='word_1_112' title='bbox 698 2047 895 2125; x_wconf 85' lang='lat' dir='ltr'><strong>posteaquam</strong></span> <span class='ocrx_word' id='word_1_113' title='bbox 909 2039 986 2097; x_wconf 92' lang='lat' dir='ltr'><strong>vidit</strong></span> <span class='ocrx_word' id='word_1_114' title='bbox 1000 2038 1086 2097; x_wconf 92' lang='lat' dir='ltr'><strong>illum</strong></span> <span class='ocrx_word' id='word_1_115' title='bbox 1101 2058 1153 2096; x_wconf 92' lang='lat' dir='ltr'><strong>ex-</strong></span> 
     </span>
     <span class='ocr_line' id='line_1_16' title="bbox 258 2146 1255 2236; baseline 0 -30"><span class='ocrx_word' id='word_1_116' title='bbox 258 2152 373 2221; x_wconf 87' lang='lat' dir='ltr'><strong>cepisse</strong></span> <span class='ocrx_word' id='word_1_117' title='bbox 386 2147 509 2206; x_wconf 90' lang='lat' dir='ltr'><strong>laudem</strong></span> <span class='ocrx_word' id='word_1_118' title='bbox 524 2168 562 2206; x_wconf 90' lang='lat' dir='ltr'><strong>ex</strong></span> <span class='ocrx_word' id='word_1_119' title='bbox 577 2167 629 2218; x_wconf 71' lang='lat' dir='ltr'><strong>eo,</strong></span> <span class='ocrx_word' id='word_1_120' title='bbox 639 2148 720 2219; x_wconf 93' lang='lat' dir='ltr'><strong>quod</strong></span> <span class='ocrx_word' id='word_1_121' title='bbox 735 2152 958 2236; x_wconf 84' lang='lat' dir='ltr'><strong>suspicarentur</strong></span> <span class='ocrx_word' id='word_1_122' title='bbox 972 2146 1109 2206; x_wconf 87' lang='lat' dir='ltr'><strong>homines</strong></span> <span class='ocrx_word' id='word_1_123' title='bbox 1124 2152 1152 2207; x_wconf 90' lang='lat' dir='ltr'><strong>ei</strong></span> <span class='ocrx_word' id='word_1_124' title='bbox 1253 2208 1255 2231; x_wconf 28' lang='grc' dir='ltr'><em>Λ</em></span> 
     </span>
     <span class='ocr_line' id='line_1_17' title="bbox 257 2255 1153 2328; baseline 0.001 -14"><span class='ocrx_word' id='word_1_125' title='bbox 257 2255 447 2314; x_wconf 87' lang='lat' dir='ltr'><strong>consulatum</strong></span> <span class='ocrx_word' id='word_1_126' title='bbox 470 2275 574 2314; x_wconf 91' lang='lat' dir='ltr'><strong>meum</strong></span> <span class='ocrx_word' id='word_1_127' title='bbox 598 2256 727 2328; x_wconf 89' lang='lat' dir='ltr'><strong>placere,</strong></span> <span class='ocrx_word' id='word_1_128' title='bbox 750 2261 881 2315; x_wconf 88' lang='lat' dir='ltr'><strong>surrexit</strong></span> <span class='ocrx_word' id='word_1_129' title='bbox 903 2260 1153 2327; x_wconf 85' lang='lat' dir='ltr'><strong>ornatissimeque</strong></span> 
     </span>
     <span class='ocr_line' id='line_1_18' title="bbox 258 2350 1255 2436; baseline 0 -15"><span class='ocrx_word' id='word_1_130' title='bbox 258 2364 297 2423; x_wconf 84' lang='lat' dir='ltr'><strong>de</strong></span> <span class='ocrx_word' id='word_1_131' title='bbox 318 2385 387 2422; x_wconf 91' lang='lat' dir='ltr'><strong>meo</strong></span> <span class='ocrx_word' id='word_1_132' title='bbox 409 2364 565 2422; x_wconf 90' lang='lat' dir='ltr'><strong>consulatu</strong></span> <span class='ocrx_word' id='word_1_133' title='bbox 587 2363 705 2422; x_wconf 90' lang='lat' dir='ltr'><strong>locutus</strong></span> <span class='ocrx_word' id='word_1_134' title='bbox 727 2372 783 2436; x_wconf 89' lang='lat' dir='ltr'><strong>est,</strong></span> <span class='ocrx_word' id='word_1_135' title='bbox 799 2385 868 2422; x_wconf 90' lang='lat' dir='ltr'><strong>curn</strong></span> <span class='ocrx_word' id='word_1_136' title='bbox 882 2369 925 2422; x_wconf 85' lang='lat' dir='ltr'><strong>ita</strong></span> <span class='ocrx_word' id='word_1_137' title='bbox 939 2364 1065 2435; x_wconf 79' lang='lat' dir='ltr'><strong>diceret,</strong></span> <span class='ocrx_word' id='word_1_138' title='bbox 1082 2350 1168 2435; x_wconf 42' lang='lat' dir='ltr'><strong>“ses</strong></span> <span class='ocrx_word' id='word_1_139' title='bbox 1254 2400 1255 2413; x_wconf 55' lang='grc' dir='ltr'>ι</span> 
     </span>
     <span class='ocr_line' id='line_1_19' title="bbox 258 2472 1152 2544; baseline -0.001 -14"><span class='ocrx_word' id='word_1_140' title='bbox 258 2472 339 2544; x_wconf 95' lang='lat' dir='ltr'><strong>quod</strong></span> <span class='ocrx_word' id='word_1_141' title='bbox 368 2480 448 2530; x_wconf 88' lang='lat' dir='ltr'><strong>esset</strong></span> <span class='ocrx_word' id='word_1_142' title='bbox 473 2480 603 2543; x_wconf 86' lang='lat' dir='ltr'><strong>senator,</strong></span> <span class='ocrx_word' id='word_1_143' title='bbox 629 2472 710 2544; x_wconf 92' lang='lat' dir='ltr'><strong>quod</strong></span> <span class='ocrx_word' id='word_1_144' title='bbox 739 2475 820 2543; x_wconf 89' lang='lat' dir='ltr'><strong>civis,</strong></span> <span class='ocrx_word' id='word_1_145' title='bbox 846 2472 928 2543; x_wconf 93' lang='lat' dir='ltr'><strong>quod</strong></span> <span class='ocrx_word' id='word_1_146' title='bbox 955 2472 1042 2544; x_wconf 90' lang='lat' dir='ltr'><strong>liber,</strong></span> <span class='ocrx_word' id='word_1_147' title='bbox 1071 2472 1152 2543; x_wconf 92' lang='lat' dir='ltr'><strong>quod</strong></span> 
     </span>
     <span class='ocr_line' id='line_1_20' title="bbox 257 2556 1254 2652; baseline -0.001 -15"><span class='ocrx_word' id='word_1_148' title='bbox 257 2585 383 2651; x_wconf 89' lang='lat' dir='ltr'><strong>viveret,</strong></span> <span class='ocrx_word' id='word_1_149' title='bbox 397 2580 472 2637; x_wconf 89' lang='lat' dir='ltr'><strong>milri</strong></span> <span class='ocrx_word' id='word_1_150' title='bbox 494 2588 653 2652; x_wconf 89' lang='lat' dir='ltr'><strong>acceptum</strong></span> <span class='ocrx_word' id='word_1_151' title='bbox 672 2580 801 2649; x_wconf 82' lang='lat' dir='ltr'><strong>referre3</strong></span> <span class='ocrx_word' id='word_1_152' title='bbox 823 2585 964 2651; x_wconf 89' lang='lat' dir='ltr'><strong>quotiens</strong></span> <span class='ocrx_word' id='word_1_153' title='bbox 981 2584 1151 2651; x_wconf 83' lang='lat' dir='ltr'><strong>coniugem,</strong></span> <span class='ocrx_word' id='word_1_154' title='bbox 1251 2556 1254 2607; x_wconf 49' lang='lat'><em>3</em></span> 
     </span>
     <span class='ocr_line' id='line_1_21' title="bbox 257 2687 1152 2760; baseline 0.001 -15"><span class='ocrx_word' id='word_1_155' title='bbox 257 2692 397 2760; x_wconf 91' lang='lat' dir='ltr'><strong>quotiens</strong></span> <span class='ocrx_word' id='word_1_156' title='bbox 412 2687 545 2760; x_wconf 90' lang='lat' dir='ltr'><strong>domum,</strong></span> <span class='ocrx_word' id='word_1_157' title='bbox 556 2692 696 2759; x_wconf 89' lang='lat' dir='ltr'><strong>quotiens</strong></span> <span class='ocrx_word' id='word_1_158' title='bbox 710 2693 839 2759; x_wconf 90' lang='lat' dir='ltr'><strong>patriam</strong></span> <span class='ocrx_word' id='word_1_159' title='bbox 853 2688 980 2756; x_wconf 78' lang='lat' dir='ltr'><strong>videret,</strong></span> <span class='ocrx_word' id='word_1_160' title='bbox 992 2693 1105 2746; x_wconf 89' lang='lat' dir='ltr'><strong>totiens</strong></span> <span class='ocrx_word' id='word_1_161' title='bbox 1119 2708 1152 2747; x_wconf 92' lang='lat' dir='ltr'><strong>se</strong></span> 
     </span>
     <span class='ocr_line' id='line_1_22' title="bbox 257 2794 1152 2869; baseline 0.001 -16"><span class='ocrx_word' id='word_1_162' title='bbox 257 2797 438 2854; x_wconf 85' lang='lat' dir='ltr'><strong>beneficium</strong></span> <span class='ocrx_word' id='word_1_163' title='bbox 451 2816 554 2854; x_wconf 88' lang='lat' dir='ltr'><strong>meum</strong></span> <span class='ocrx_word' id='word_1_164' title='bbox 564 2796 696 2854; x_wconf 90' lang='lat' dir='ltr'><strong>videre.”</strong></span> <span class='ocrx_word' id='word_1_165' title='bbox 729 2794 812 2869; x_wconf 87' lang='lat' dir='ltr'><strong>Quid</strong></span> <span class='ocrx_word' id='word_1_166' title='bbox 827 2796 940 2854; x_wconf 90' lang='lat' dir='ltr'><strong>multa?</strong></span> <span class='ocrx_word' id='word_1_167' title='bbox 956 2804 1055 2854; x_wconf 88' lang='lat' dir='ltr'><strong>totum</strong></span> <span class='ocrx_word' id='word_1_168' title='bbox 1069 2796 1152 2854; x_wconf 91' lang='lat' dir='ltr'><strong>hunc</strong></span> 
     </span>
     <span class='ocr_line' id='line_1_23' title="bbox 257 2900 1254 2977; baseline 0.003 -17"><span class='ocrx_word' id='word_1_169' title='bbox 257 2903 366 2975; x_wconf 91' lang='lat' dir='ltr'><strong>locum,</strong></span> <span class='ocrx_word' id='word_1_170' title='bbox 382 2924 473 2976; x_wconf 93' lang='lat' dir='ltr'><strong>quem</strong></span> <span class='ocrx_word' id='word_1_171' title='bbox 493 2923 550 2975; x_wconf 79' lang='lat' dir='ltr'><strong>ego</strong></span> <span class='ocrx_word' id='word_1_172' title='bbox 564 2909 740 2962; x_wconf 86' lang='lat' dir='ltr'><strong>varie&#39;meis</strong></span> <span class='ocrx_word' id='word_1_173' title='bbox 760 2906 953 2977; x_wconf 90' lang='lat' dir='ltr'><strong>orationibus,</strong></span> <span class='ocrx_word' id='word_1_174' title='bbox 969 2925 1095 2977; x_wconf 89' lang='lat' dir='ltr'><strong>quarum</strong></span> <span class='ocrx_word' id='word_1_175' title='bbox 1116 2914 1151 2963; x_wconf 92' lang='lat' dir='ltr'><strong>tu</strong></span> <span class='ocrx_word' id='word_1_176' title='bbox 1247 2900 1254 2970; x_wconf 75' lang='lat' dir='ltr'><strong>l</strong></span> 
     </span>
     <span class='ocr_line' id='line_1_24' title="bbox 257 3011 1151 3089; baseline 0.001 -20"><span class='ocrx_word' id='word_1_177' title='bbox 257 3011 448 3070; x_wconf 85' lang='lat' dir='ltr'><strong>Aristarchus</strong></span> <span class='ocrx_word' id='word_1_178' title='bbox 471 3032 513 3083; x_wconf 90' lang='lat' dir='ltr'><strong>es,</strong></span> <span class='ocrx_word' id='word_1_179' title='bbox 535 3013 617 3070; x_wconf 88' lang='lat' dir='ltr'><strong>soleo</strong></span> <span class='ocrx_word' id='word_1_180' title='bbox 639 3017 776 3089; x_wconf 79' lang='lat' dir='ltr'><strong>pingere,</strong></span> <span class='ocrx_word' id='word_1_181' title='bbox 798 3013 838 3071; x_wconf 92' lang='lat' dir='ltr'><strong>de</strong></span> <span class='ocrx_word' id='word_1_182' title='bbox 860 3012 988 3084; x_wconf 88' lang='lat' dir='ltr'><strong>flamma,</strong></span> <span class='ocrx_word' id='word_1_183' title='bbox 1010 3014 1049 3072; x_wconf 93' lang='lat' dir='ltr'><strong>de</strong></span> <span class='ocrx_word' id='word_1_184' title='bbox 1071 3014 1151 3071; x_wconf 80' lang='lat' dir='ltr'><strong>ferro</strong></span> 
     </span>
     <span class='ocr_line' id='line_1_25' title="bbox 256 3107 1253 3193; baseline -0.003 -15"><span class='ocrx_word' id='word_1_185' title='bbox 256 3107 350 3190; x_wconf 90' lang='lat' dir='ltr'><strong>(nosti</strong></span> <span class='ocrx_word' id='word_1_186' title='bbox 363 3119 430 3177; x_wconf 88' lang='lat' dir='ltr'><strong>illas</strong></span> <span class='ocrx_word' id='word_1_187' title='bbox 445 3109 613 3191; x_wconf 80' lang='grc' dir='ltr'>ληκύθους),</span> <span class='ocrx_word' id='word_1_188' title='bbox 628 3121 716 3178; x_wconf 91' lang='lat' dir='ltr'><strong>valde</strong></span> <span class='ocrx_word' id='word_1_189' title='bbox 734 3125 867 3193; x_wconf 83' lang='lat' dir='ltr'><strong>graviter</strong></span> <span class='ocrx_word' id='word_1_190' title='bbox 885 3127 1047 3192; x_wconf 87' lang='lat' dir='ltr'><strong>pertexuit.</strong></span> <span class='ocrx_word' id='word_1_191' title='bbox 1081 3121 1151 3178; x_wconf 89' lang='lat' dir='ltr'><strong>Pro·</strong></span> <span class='ocrx_word' id='word_1_192' title='bbox 1252 3164 1253 3175; x_wconf 67' lang='grc'>,</span> 
     </span>
    </p>
   </div>
   <div class='ocr_carea' id='block_1_3' title="bbox 255 3233 1253 3319">
    <p class='ocr_par' dir='ltr' id='par_1_3' title="bbox 255 3233 1253 3319">
     <span class='ocr_line' id='line_1_26' title="bbox 255 3233 1253 3319; baseline 0.002 -27"><span class='ocrx_word' id='word_1_193' title='bbox 255 3238 353 3292; x_wconf 86' lang='lat' dir='ltr'><strong>ximus</strong></span> <span class='ocrx_word' id='word_1_194' title='bbox 378 3233 521 3306; x_wconf 89' lang='lat' dir='ltr'><strong>Pompeio</strong></span> <span class='ocrx_word' id='word_1_195' title='bbox 543 3234 695 3293; x_wconf 88' lang='lat' dir='ltr'><strong>sedebam.</strong></span> <span class='ocrx_word' id='word_1_196' title='bbox 742 3234 885 3293; x_wconf 87' lang='lat' dir='ltr'><strong>Intellexi</strong></span> <span class='ocrx_word' id='word_1_197' title='bbox 908 3235 1063 3293; x_wconf 90' lang='lat' dir='ltr'><strong>hominem</strong></span> <span class='ocrx_word' id='word_1_198' title='bbox 1086 3255 1150 3294; x_wconf 82' lang='lat' dir='ltr'><strong>mo·</strong></span> <span class='ocrx_word' id='word_1_199' title='bbox 1252 3270 1253 3319; x_wconf 55' lang='grc' dir='ltr'>ι</span> 
     </span>
    </p>
   </div>
   <div class='ocr_carea' id='block_1_4' title="bbox 255 3342 1253 3525">
    <p class='ocr_par' dir='ltr' id='par_1_4' title="bbox 255 3342 1253 3525">
     <span class='ocr_line' id='line_1_27' title="bbox 255 3342 1253 3422; baseline 0.002 -16"><span class='ocrx_word' id='word_1_200' title='bbox 255 3351 328 3421; x_wconf 90' lang='lat' dir='ltr'><strong>veri,</strong></span> <span class='ocrx_word' id='word_1_201' title='bbox 348 3355 451 3406; x_wconf 86' lang='lat' dir='ltr'><strong>utrum</strong></span> <span class='ocrx_word' id='word_1_202' title='bbox 473 3347 611 3407; x_wconf 85' lang='lat' dir='ltr'><strong>Crassum</strong></span> <span class='ocrx_word' id='word_1_203' title='bbox 633 3352 709 3407; x_wconf 91' lang='lat' dir='ltr'><strong>inire</strong></span> <span class='ocrx_word' id='word_1_204' title='bbox 732 3368 799 3407; x_wconf 87' lang='lat' dir='ltr'><strong>eam</strong></span> <span class='ocrx_word' id='word_1_205' title='bbox 819 3353 958 3421; x_wconf 82' lang='lat' dir='ltr'><strong>gratiam,</strong></span> <span class='ocrx_word' id='word_1_206' title='bbox 973 3370 1064 3421; x_wconf 88' lang='lat' dir='ltr'><strong>quam</strong></span> <span class='ocrx_word' id='word_1_207' title='bbox 1085 3354 1150 3422; x_wconf 89' lang='lat' dir='ltr'><strong>ipse</strong></span> <span class='ocrx_word' id='word_1_208' title='bbox 1252 3342 1253 3361; x_wconf 24' lang='lat' dir='ltr'><strong>l</strong></span> 
     </span>
     <span class='ocr_line' id='line_1_28' title="bbox 337 3471 378 3525; baseline -0.024 0"><span class='ocrx_word' id='word_1_209' title='bbox 337 3471 378 3525; x_wconf 68' lang='grc'><strong>69</strong></span> 
     </span>
    </p>
   </div>
   <div class='ocr_carea' id='block_1_5' title="bbox 0 17 1260 3958">
    <p class='ocr_par' dir='ltr' id='par_1_5' title="bbox 0 17 1260 3958">
     <span class='ocr_line' id='line_1_29' title="bbox 0 17 1260 3958; baseline 0 0"><span class='ocrx_word' id='word_1_210' title='bbox 0 17 1260 3958; x_wconf 95' lang='lat' dir='ltr'><strong> </strong></span> 
     </span>
    </p>
   </div>
  </div>
 </body>
</html>
