<?xml version="1.0" encoding="UTF-8"?>
<!DOCTYPE html PUBLIC "-//W3C//DTD XHTML 1.0 Transitional//EN"
    "http://www.w3.org/TR/xhtml1/DTD/xhtml1-transitional.dtd">
<html xmlns="http://www.w3.org/1999/xhtml" xml:lang="en" lang="en">
 <head>
  <title>
</title>
<meta http-equiv="Content-Type" content="text/html;charset=utf-8" />
  <meta name='ocr-system' content='tesseract 3.04.00' />
  <meta name='ocr-capabilities' content='ocr_page ocr_carea ocr_par ocr_line ocrx_word'/>
</head>
<body>
  <div class='ocr_page' id='page_1' title='image "./letterstoatticu00winsgoog_0021.png"; bbox 0 0 2512 3958; ppageno 0'>
   <div class='ocr_carea' id='block_1_1' title="bbox 472 375 1019 440">
    <p class='ocr_par' dir='ltr' id='par_1_1' title="bbox 472 375 1019 440">
     <span class='ocr_line' id='line_1_1' title="bbox 472 375 1019 440; baseline 0.004 -3"><span class='ocrx_word' id='word_1_1' title='bbox 472 377 643 440; x_wconf 85' lang='lat' dir='ltr'>MARCUS</span> <span class='ocrx_word' id='word_1_2' title='bbox 664 376 847 439; x_wconf 88' lang='lat' dir='ltr'>TULLIUS</span> <span class='ocrx_word' id='word_1_3' title='bbox 868 375 1019 439; x_wconf 86' lang='lat' dir='ltr'>CICERO</span> 
     </span>
    </p>
   </div>
   <div class='ocr_carea' id='block_1_2' title="bbox 295 499 1251 955">
    <p class='ocr_par' dir='ltr' id='par_1_2' title="bbox 295 499 1251 955">
     <span class='ocr_line' id='line_1_2' title="bbox 297 499 1196 572; baseline -0.001 -13"><span class='ocrx_word' id='word_1_4' title='bbox 297 500 370 560; x_wconf 90' lang='lat' dir='ltr'><strong>dere</strong></span> <span class='ocrx_word' id='word_1_5' title='bbox 387 504 591 571; x_wconf 63' lang='lat' dir='ltr'><strong>existimatum</strong></span> <span class='ocrx_word' id='word_1_6' title='bbox 610 505 663 572; x_wconf 87' lang='lat' dir='ltr'><strong>qui</strong></span> <span class='ocrx_word' id='word_1_7' title='bbox 680 504 723 559; x_wconf 86' lang='lat' dir='ltr'><strong>sic</strong></span> <span class='ocrx_word' id='word_1_8' title='bbox 742 505 848 572; x_wconf 85' lang='lat' dir='ltr'><strong>inopes</strong></span> <span class='ocrx_word' id='word_1_9' title='bbox 868 507 901 558; x_wconf 90' lang='lat' dir='ltr'><strong>et</strong></span> <span class='ocrx_word' id='word_1_10' title='bbox 919 499 958 557; x_wconf 85' lang='lat' dir='ltr'><strong>ab</strong></span> <span class='ocrx_word' id='word_1_11' title='bbox 974 502 1077 557; x_wconf 86' lang='lat' dir='ltr'><strong>amieis</strong></span> <span class='ocrx_word' id='word_1_12' title='bbox 1093 506 1125 558; x_wconf 93' lang='lat' dir='ltr'><strong>et</strong></span> <span class='ocrx_word' id='word_1_13' title='bbox 1143 518 1196 558; x_wconf 86' lang='lat' dir='ltr'><strong>ex·</strong></span> 
     </span>
     <span class='ocr_line' id='line_1_3' title="bbox 295 593 1197 669; baseline 0 -14"><span class='ocrx_word' id='word_1_14' title='bbox 295 601 480 656; x_wconf 88' lang='lat' dir='ltr'><strong>istimatione</strong></span> <span class='ocrx_word' id='word_1_15' title='bbox 495 604 575 669; x_wconf 90' lang='lat' dir='ltr'><strong>sunt,</strong></span> <span class='ocrx_word' id='word_1_16' title='bbox 590 604 626 655; x_wconf 83' lang='lat' dir='ltr'><strong>ut</strong></span> <span class='ocrx_word' id='word_1_17' title='bbox 644 596 720 655; x_wconf 90' lang='lat' dir='ltr'><strong>mihi</strong></span> <span class='ocrx_word' id='word_1_18' title='bbox 733 596 873 654; x_wconf 87' lang='lat' dir='ltr'><strong>videatur</strong></span> <span class='ocrx_word' id='word_1_19' title='bbox 891 615 954 654; x_wconf 90' lang='lat' dir='ltr'><strong>non</strong></span> <span class='ocrx_word' id='word_1_20' title='bbox 968 614 1034 654; x_wconf 79' lang='lat' dir='ltr'><strong>erse</strong></span> <span class='ocrx_word' id='word_1_21' title='bbox 1054 593 1197 655; x_wconf 79' lang='grc' dir='ltr'>ἀδύνατον</span> 
     </span>
     <span class='ocr_line' id='line_1_4' title="bbox 297 691 1251 771; baseline -0.001 -20"><span class='ocrx_word' id='word_1_22' title='bbox 297 694 420 752; x_wconf 90' lang='lat' dir='ltr'><strong>Curium</strong></span> <span class='ocrx_word' id='word_1_23' title='bbox 428 693 587 752; x_wconf 91' lang='lat' dir='ltr'><strong>obducere.</strong></span> <span class='ocrx_word' id='word_1_24' title='bbox 612 693 674 752; x_wconf 89' lang='lat' dir='ltr'><strong>Sed</strong></span> <span class='ocrx_word' id='word_1_25' title='bbox 682 692 740 751; x_wconf 90' lang='lat' dir='ltr'><strong>boc</strong></span> <span class='ocrx_word' id='word_1_26' title='bbox 748 700 870 765; x_wconf 89' lang='lat' dir='ltr'><strong>praeter</strong></span> <span class='ocrx_word' id='word_1_27' title='bbox 878 712 928 750; x_wconf 90' lang='lat' dir='ltr'><strong>me</strong></span> <span class='ocrx_word' id='word_1_28' title='bbox 936 695 1052 750; x_wconf 87' lang='lat' dir='ltr'><strong>nemini</strong></span> <span class='ocrx_word' id='word_1_29' title='bbox 1063 691 1193 751; x_wconf 89' lang='lat' dir='ltr'><strong>videtur.</strong></span> <span class='ocrx_word' id='word_1_30' title='bbox 1250 754 1251 771; x_wconf 15' lang='grc' dir='ltr'><strong>ἶ</strong></span> 
     </span>
     <span class='ocr_line' id='line_1_5' title="bbox 297 776 1251 867; baseline -0.002 -20"><span class='ocrx_word' id='word_1_31' title='bbox 297 790 415 847; x_wconf 86' lang='lat' dir='ltr'><strong>Nostris</strong></span> <span class='ocrx_word' id='word_1_32' title='bbox 435 790 601 847; x_wconf 88' lang='lat' dir='ltr'><strong>rationibus</strong></span> <span class='ocrx_word' id='word_1_33' title='bbox 621 793 752 847; x_wconf 83' lang='lat' dir='ltr'><strong>maxime</strong></span> <span class='ocrx_word' id='word_1_34' title='bbox 774 789 944 847; x_wconf 84' lang='lat' dir='ltr'>conducere</span> <span class='ocrx_word' id='word_1_35' title='bbox 963 789 1084 847; x_wconf 84' lang='lat' dir='ltr'><strong>videtur</strong></span> <span class='ocrx_word' id='word_1_36' title='bbox 1097 787 1194 846; x_wconf 82' lang='lat' dir='ltr'><strong>&#39;Iber-</strong></span> <span class='ocrx_word' id='word_1_37' title='bbox 1250 776 1251 867; x_wconf 67' lang='lat' dir='ltr'><strong>l</strong></span> 
     </span>
     <span class='ocr_line' id='line_1_6' title="bbox 296 883 1195 955; baseline 0.001 -13"><span class='ocrx_word' id='word_1_38' title='bbox 296 906 379 943; x_wconf 91' lang='lat' dir='ltr'><strong>mum</strong></span> <span class='ocrx_word' id='word_1_39' title='bbox 397 885 461 943; x_wconf 89' lang='lat' dir='ltr'><strong>fieri</strong></span> <span class='ocrx_word' id='word_1_40' title='bbox 481 883 559 943; x_wconf 87' lang='lat' dir='ltr'><strong>cum&#39;</strong></span> <span class='ocrx_word' id='word_1_41' title='bbox 570 885 704 943; x_wconf 83' lang='lat' dir='ltr'><strong>Caesare.</strong></span> <span class='ocrx_word' id='word_1_42' title='bbox 749 885 849 942; x_wconf 90' lang='lat' dir='ltr'><strong>Nemo</strong></span> <span class='ocrx_word' id='word_1_43' title='bbox 863 891 911 942; x_wconf 82' lang='lat' dir='ltr'><strong>est</strong></span> <span class='ocrx_word' id='word_1_44' title='bbox 926 888 1008 942; x_wconf 90' lang='lat' dir='ltr'><strong>enim</strong></span> <span class='ocrx_word' id='word_1_45' title='bbox 1022 904 1061 942; x_wconf 85' lang='lat' dir='ltr'><strong>ex</strong></span> <span class='ocrx_word' id='word_1_46' title='bbox 1080 887 1125 954; x_wconf 87' lang='lat' dir='ltr'><strong>iis,</strong></span> <span class='ocrx_word' id='word_1_47' title='bbox 1140 888 1195 955; x_wconf 89' lang='lat' dir='ltr'><strong>qui</strong></span> 
     </span>
    </p>
   </div>
   <div class='ocr_carea' id='block_1_3' title="bbox 191 979 1194 1053">
    <p class='ocr_par' dir='ltr' id='par_1_3' title="bbox 191 979 1194 1053">
     <span class='ocr_line' id='line_1_7' title="bbox 191 979 1194 1053; baseline -0.002 -14"><span class='ocrx_word' id='word_1_48' title='bbox 191 1000 192 1003; x_wconf 71' lang='grc'>’</span> <span class='ocrx_word' id='word_1_49' title='bbox 296 1002 377 1039; x_wconf 89' lang='lat' dir='ltr'><strong>nunc</strong></span> <span class='ocrx_word' id='word_1_50' title='bbox 402 989 523 1053; x_wconf 89' lang='lat' dir='ltr'><strong>petunt,</strong></span> <span class='ocrx_word' id='word_1_51' title='bbox 549 985 610 1051; x_wconf 92' lang='lat' dir='ltr'><strong>qui,</strong></span> <span class='ocrx_word' id='word_1_52' title='bbox 636 985 661 1038; x_wconf 93' lang='lat' dir='ltr'><strong>si</strong></span> <span class='ocrx_word' id='word_1_53' title='bbox 685 985 718 1037; x_wconf 91' lang='lat' dir='ltr'><strong>in</strong></span> <span class='ocrx_word' id='word_1_54' title='bbox 743 987 880 1038; x_wconf 85' lang='lat' dir='ltr'><strong>nostrum</strong></span> <span class='ocrx_word' id='word_1_55' title='bbox 904 1000 1019 1037; x_wconf 90' lang='lat' dir='ltr'><strong>annum</strong></span> <span class='ocrx_word' id='word_1_56' title='bbox 1039 979 1194 1051; x_wconf 84' lang='lat' dir='ltr'><strong>reciderit,</strong></span> 
     </span>
    </p>
   </div>
   <div class='ocr_carea' id='block_1_4' title="bbox 295 1050 1251 1148">
    <p class='ocr_par' dir='ltr' id='par_1_4' title="bbox 295 1050 1251 1148">
     <span class='ocr_line' id='line_1_8' title="bbox 295 1050 1251 1148; baseline 0.001 -15"><span class='ocrx_word' id='word_1_57' title='bbox 295 1077 407 1134; x_wconf 87' lang='lat' dir='ltr'><strong>firmior</strong></span> <span class='ocrx_word' id='word_1_58' title='bbox 440 1076 618 1134; x_wconf 86' lang='lat' dir='ltr'><strong>candidatus</strong></span> <span class='ocrx_word' id='word_1_59' title='bbox 651 1076 716 1135; x_wconf 87' lang='lat' dir='ltr'><strong>fore</strong></span> <span class='ocrx_word' id='word_1_60' title='bbox 744 1075 893 1147; x_wconf 89' lang='lat' dir='ltr'><strong>videatur,</strong></span> <span class='ocrx_word' id='word_1_61' title='bbox 922 1083 1083 1147; x_wconf 90' lang='lat' dir='ltr'><strong>propterea</strong></span> <span class='ocrx_word' id='word_1_62' title='bbox 1110 1076 1194 1148; x_wconf 92' lang='lat' dir='ltr'><strong>quod</strong></span> <span class='ocrx_word' id='word_1_63' title='bbox 1249 1050 1251 1115; x_wconf 33' lang='lat' dir='ltr'><strong>n</strong></span> 
     </span>
    </p>
   </div>
   <div class='ocr_carea' id='block_1_5' title="bbox 294 1171 1252 2106">
    <p class='ocr_par' dir='ltr' id='par_1_5' title="bbox 294 1171 1252 2106">
     <span class='ocr_line' id='line_1_9' title="bbox 295 1171 1200 1251; baseline -0.001 -21"><span class='ocrx_word' id='word_1_64' title='bbox 295 1180 414 1230; x_wconf 88' lang='lat' dir='ltr'><strong>curator</strong></span> <span class='ocrx_word' id='word_1_65' title='bbox 436 1181 484 1231; x_wconf 88' lang='lat' dir='ltr'><strong>est</strong></span> <span class='ocrx_word' id='word_1_66' title='bbox 504 1178 570 1230; x_wconf 89' lang='lat' dir='ltr'><strong>viae</strong></span> <span class='ocrx_word' id='word_1_67' title='bbox 590 1173 765 1242; x_wconf 84' lang='lat' dir='ltr'><strong>Flaminiae,</strong></span> <span class='ocrx_word' id='word_1_68' title='bbox 784 1192 862 1242; x_wconf 90' lang='lat' dir='ltr'><strong>quae</strong></span> <span class='ocrx_word' id='word_1_69' title='bbox 887 1179 954 1229; x_wconf 88' lang='lat' dir='ltr'><strong>tum</strong></span> <span class='ocrx_word' id='word_1_70' title='bbox 976 1175 1035 1229; x_wconf 85' lang='lat' dir='ltr'><strong>erit</strong></span> <span class='ocrx_word' id='word_1_71' title='bbox 1055 1171 1200 1251; x_wconf 54' lang='lat' dir='ltr'><strong>absoluta,</strong></span> 
     </span>
     <span class='ocr_line' id='line_1_10' title="bbox 294 1267 1193 1327; baseline -0.003 -1"><span class='ocrx_word' id='word_1_72' title='bbox 294 1289 366 1326; x_wconf 90' lang='lat' dir='ltr'><strong>sane</strong></span> <span class='ocrx_word' id='word_1_73' title='bbox 381 1269 477 1327; x_wconf 88' lang='lat' dir='ltr'><strong>facile.</strong></span> <span class='ocrx_word' id='word_1_74' title='bbox 523 1269 602 1326; x_wconf 86' lang='lat' dir='ltr'><strong>Eum</strong></span> <span class='ocrx_word' id='word_1_75' title='bbox 619 1268 751 1326; x_wconf 84' lang='lat' dir='ltr'><strong>libenter</strong></span> <span class='ocrx_word' id='word_1_76' title='bbox 768 1288 850 1325; x_wconf 92' lang='lat' dir='ltr'><strong>nunc</strong></span> <span class='ocrx_word' id='word_1_77' title='bbox 870 1268 988 1325; x_wconf 83' lang='lat' dir='ltr'><strong>Caesari</strong></span> <span class='ocrx_word' id='word_1_78' title='bbox 1008 1267 1122 1324; x_wconf 90' lang='lat' dir='ltr'><strong>consuli</strong></span> <span class='ocrx_word' id='word_1_79' title='bbox 1142 1287 1193 1324; x_wconf 85' lang='lat' dir='ltr'><strong>ac-</strong></span> 
     </span>
     <span class='ocr_line' id='line_1_11' title="bbox 294 1352 1193 1434; baseline -0.003 -12"><span class='ocrx_word' id='word_1_80' title='bbox 294 1352 452 1423; x_wconf 88' lang='lat' dir='ltr'><strong>cuderim.1</strong></span> <span class='ocrx_word' id='word_1_81' title='bbox 486 1364 654 1421; x_wconf 90' lang='lat' dir='ltr'><strong>Petitorum</strong></span> <span class='ocrx_word' id='word_1_82' title='bbox 670 1362 746 1421; x_wconf 92' lang='lat' dir='ltr'><strong>haec</strong></span> <span class='ocrx_word' id='word_1_83' title='bbox 761 1371 808 1422; x_wconf 91' lang='lat' dir='ltr'><strong>est</strong></span> <span class='ocrx_word' id='word_1_84' title='bbox 822 1363 921 1420; x_wconf 88' lang='lat' dir='ltr'><strong>adhuc</strong></span> <span class='ocrx_word' id='word_1_85' title='bbox 935 1362 1096 1420; x_wconf 86' lang='lat' dir='ltr'><strong>informata</strong></span> <span class='ocrx_word' id='word_1_86' title='bbox 1110 1367 1193 1434; x_wconf 85' lang='lat' dir='ltr'><strong>cogi-</strong></span> 
     </span>
     <span class='ocr_line' id='line_1_12' title="bbox 294 1458 1192 1530; baseline 0 -13"><span class='ocrx_word' id='word_1_87' title='bbox 294 1464 378 1517; x_wconf 81' lang='lat' dir='ltr'><strong>tatio.</strong></span> <span class='ocrx_word' id='word_1_88' title='bbox 424 1459 487 1516; x_wconf 90' lang='lat' dir='ltr'><strong>Nos</strong></span> <span class='ocrx_word' id='word_1_89' title='bbox 506 1463 538 1516; x_wconf 90' lang='lat' dir='ltr'><strong>in</strong></span> <span class='ocrx_word' id='word_1_90' title='bbox 557 1463 640 1516; x_wconf 90' lang='lat' dir='ltr'><strong>omni</strong></span> <span class='ocrx_word' id='word_1_91' title='bbox 659 1479 785 1517; x_wconf 90' lang='lat' dir='ltr'><strong>munere</strong></span> <span class='ocrx_word' id='word_1_92' title='bbox 808 1459 1014 1518; x_wconf 82' lang='lat' dir='ltr'><strong>candidatorio</strong></span> <span class='ocrx_word' id='word_1_93' title='bbox 1033 1458 1192 1530; x_wconf 87' lang='lat' dir='ltr'><strong>fungendo</strong></span> 
     </span>
     <span class='ocr_line' id='line_1_13' title="bbox 295 1536 1251 1673; baseline 0 -60"><span class='ocrx_word' id='word_1_94' title='bbox 295 1565 443 1613; x_wconf 81' lang='lat' dir='ltr'><strong>summain</strong></span> <span class='ocrx_word' id='word_1_95' title='bbox 461 1554 672 1613; x_wconf 87' lang='lat' dir='ltr'><strong>adhibebimus</strong></span> <span class='ocrx_word' id='word_1_96' title='bbox 691 1555 892 1626; x_wconf 84' lang='lat' dir='ltr'><strong>diligentiam,</strong></span> <span class='ocrx_word' id='word_1_97' title='bbox 908 1562 940 1612; x_wconf 88' lang='lat' dir='ltr'><strong>et</strong></span> <span class='ocrx_word' id='word_1_98' title='bbox 960 1555 1096 1626; x_wconf 86' lang='lat' dir='ltr'><strong>fortasse,</strong></span> <span class='ocrx_word' id='word_1_99' title='bbox 1116 1574 1191 1626; x_wconf 90' lang='lat' dir='ltr'><strong>quo·</strong></span> <span class='ocrx_word' id='word_1_100' title='bbox 1249 1536 1251 1673; x_wconf 44' lang='lat' dir='ltr'><strong>l</strong></span> 
     </span>
     <span class='ocr_line' id='line_1_14' title="bbox 295 1650 1252 1722; baseline 0.002 -14"><span class='ocrx_word' id='word_1_101' title='bbox 295 1656 376 1708; x_wconf 85' lang='lat' dir='ltr'><strong>niam</strong></span> <span class='ocrx_word' id='word_1_102' title='bbox 390 1651 511 1709; x_wconf 90' lang='lat' dir='ltr'><strong>videtur</strong></span> <span class='ocrx_word' id='word_1_103' title='bbox 525 1655 558 1708; x_wconf 89' lang='lat' dir='ltr'><strong>in</strong></span> <span class='ocrx_word' id='word_1_104' title='bbox 574 1650 720 1722; x_wconf 87' lang='lat' dir='ltr'><strong>suffragiis</strong></span> <span class='ocrx_word' id='word_1_105' title='bbox 739 1651 871 1709; x_wconf 90' lang='lat' dir='ltr'><strong>multum</strong></span> <span class='ocrx_word' id='word_1_106' title='bbox 889 1670 977 1722; x_wconf 84' lang='lat' dir='ltr'><strong>posse</strong></span> <span class='ocrx_word' id='word_1_107' title='bbox 998 1651 1105 1721; x_wconf 86' lang='lat' dir='ltr'><strong>Gallia,</strong></span> <span class='ocrx_word' id='word_1_108' title='bbox 1121 1671 1191 1710; x_wconf 91' lang='lat' dir='ltr'><strong>cum</strong></span> <span class='ocrx_word' id='word_1_109' title='bbox 1250 1678 1252 1695; x_wconf 48' lang='lat' dir='ltr'><strong>r</strong></span> 
     </span>
     <span class='ocr_line' id='line_1_15' title="bbox 297 1746 1191 1818; baseline 0 -12"><span class='ocrx_word' id='word_1_110' title='bbox 297 1748 408 1807; x_wconf 83' lang='lat' dir='ltr'><strong>Romae</strong></span> <span class='ocrx_word' id='word_1_111' title='bbox 423 1768 441 1804; x_wconf 90' lang='lat' dir='ltr'><strong>a</strong></span> <span class='ocrx_word' id='word_1_112' title='bbox 454 1747 572 1805; x_wconf 91' lang='lat' dir='ltr'><strong>iudiciis</strong></span> <span class='ocrx_word' id='word_1_113' title='bbox 587 1746 686 1804; x_wconf 87' lang='lat' dir='ltr'><strong>forum</strong></span> <span class='ocrx_word' id='word_1_114' title='bbox 700 1746 862 1818; x_wconf 87' lang='lat' dir='ltr'><strong>refrixerit,</strong></span> <span class='ocrx_word' id='word_1_115' title='bbox 878 1766 1071 1805; x_wconf 85' lang='lat' dir='ltr'><strong>excurremus</strong></span> <span class='ocrx_word' id='word_1_116' title='bbox 1084 1767 1191 1807; x_wconf 86' lang='lat' dir='ltr'><strong>mense</strong></span> 
     </span>
     <span class='ocr_line' id='line_1_16' title="bbox 295 1841 1189 1915; baseline 0 -13"><span class='ocrx_word' id='word_1_117' title='bbox 295 1843 468 1914; x_wconf 90' lang='lat' dir='ltr'><strong>Septembri</strong></span> <span class='ocrx_word' id='word_1_118' title='bbox 478 1844 573 1915; x_wconf 86' lang='lat' dir='ltr'><strong>legati</strong></span> <span class='ocrx_word' id='word_1_119' title='bbox 583 1842 622 1901; x_wconf 90' lang='lat' dir='ltr'><strong>ad</strong></span> <span class='ocrx_word' id='word_1_120' title='bbox 635 1843 784 1914; x_wconf 88' lang='lat' dir='ltr'><strong>Pisonem,</strong></span> <span class='ocrx_word' id='word_1_121' title='bbox 796 1851 832 1901; x_wconf 84' lang='lat' dir='ltr'><strong>ut</strong></span> <span class='ocrx_word' id='word_1_122' title='bbox 845 1841 984 1901; x_wconf 90' lang='lat' dir='ltr'><strong>Ianuario</strong></span> <span class='ocrx_word' id='word_1_123' title='bbox 994 1850 1189 1903; x_wconf 88' lang='lat' dir='ltr'><strong>revertamur.</strong></span> 
     </span>
     <span class='ocr_line' id='line_1_17' title="bbox 295 1938 1189 2011; baseline 0.001 -14"><span class='ocrx_word' id='word_1_124' title='bbox 295 1940 371 1997; x_wconf 91' lang='lat' dir='ltr'><strong>Cum</strong></span> <span class='ocrx_word' id='word_1_125' title='bbox 389 1959 571 2011; x_wconf 88' lang='lat' dir='ltr'><strong>perspexero</strong></span> <span class='ocrx_word' id='word_1_126' title='bbox 585 1939 757 1996; x_wconf 86' lang='lat' dir='ltr'><strong>voluntates</strong></span> <span class='ocrx_word' id='word_1_127' title='bbox 776 1939 933 2010; x_wconf 89' lang='lat' dir='ltr'><strong>nobilium,</strong></span> <span class='ocrx_word' id='word_1_128' title='bbox 947 1940 1075 1997; x_wconf 90' lang='lat' dir='ltr'><strong>scribam</strong></span> <span class='ocrx_word' id='word_1_129' title='bbox 1089 1938 1128 1997; x_wconf 83' lang='lat' dir='ltr'><strong>ad</strong></span> <span class='ocrx_word' id='word_1_130' title='bbox 1147 1947 1189 1998; x_wconf 73' lang='lat' dir='ltr'><strong>te,</strong></span> 
     </span>
     <span class='ocr_line' id='line_1_18' title="bbox 295 2034 1190 2106; baseline 0.001 -14"><span class='ocrx_word' id='word_1_131' title='bbox 295 2036 403 2092; x_wconf 88' lang='lat' dir='ltr'><strong>Cetera</strong></span> <span class='ocrx_word' id='word_1_132' title='bbox 417 2055 505 2106; x_wconf 88' lang='lat' dir='ltr'><strong>spero</strong></span> <span class='ocrx_word' id='word_1_133' title='bbox 518 2034 635 2106; x_wconf 88' lang='lat' dir='ltr'><strong>prolixa</strong></span> <span class='ocrx_word' id='word_1_134' title='bbox 649 2055 714 2093; x_wconf 88' lang='lat' dir='ltr'><strong>esse</strong></span> <span class='ocrx_word' id='word_1_135' title='bbox 734 2035 781 2092; x_wconf 91' lang='lat' dir='ltr'><strong>his</strong></span> <span class='ocrx_word' id='word_1_136' title='bbox 796 2035 954 2093; x_wconf 88' lang='lat' dir='ltr'><strong>dumtaxat</strong></span> <span class='ocrx_word' id='word_1_137' title='bbox 972 2036 1094 2093; x_wconf 88' lang='lat' dir='ltr'><strong>urbanis</strong></span> <span class='ocrx_word' id='word_1_138' title='bbox 1109 2055 1190 2105; x_wconf 57' lang='lat' dir='ltr'><strong>comf</strong></span> 
     </span>
    </p>
   </div>
   <div class='ocr_carea' id='block_1_6' title="bbox 267 2129 1232 2564">
    <p class='ocr_par' dir='ltr' id='par_1_6' title="bbox 293 2129 1190 2203">
     <span class='ocr_line' id='line_1_19' title="bbox 293 2129 1190 2203; baseline 0.003 -16"><span class='ocrx_word' id='word_1_139' title='bbox 293 2131 482 2202; x_wconf 84' lang='lat' dir='ltr'><strong>petitoribus.</strong></span> <span class='ocrx_word' id='word_1_140' title='bbox 528 2129 615 2187; x_wconf 87' lang='lat' dir='ltr'><strong>Illam</strong></span> <span class='ocrx_word' id='word_1_141' title='bbox 629 2149 753 2187; x_wconf 89' lang='lat' dir='ltr'><strong>manum</strong></span> <span class='ocrx_word' id='word_1_142' title='bbox 767 2139 802 2188; x_wconf 94' lang='lat' dir='ltr'><strong>tu</strong></span> <span class='ocrx_word' id='word_1_143' title='bbox 816 2130 891 2188; x_wconf 88' lang='lat' dir='ltr'><strong>mihi</strong></span> <span class='ocrx_word' id='word_1_144' title='bbox 906 2151 976 2188; x_wconf 88' lang='lat' dir='ltr'><strong>cura</strong></span> <span class='ocrx_word' id='word_1_145' title='bbox 990 2139 1026 2188; x_wconf 84' lang='lat' dir='ltr'><strong>ut</strong></span> <span class='ocrx_word' id='word_1_146' title='bbox 1044 2139 1190 2203; x_wconf 78' lang='lat' dir='ltr'><strong>praesteS,</strong></span> 
     </span>
    </p>

    <p class='ocr_par' dir='ltr' id='par_1_7' title="bbox 293 2223 1190 2298">
     <span class='ocr_line' id='line_1_20' title="bbox 293 2223 1190 2298; baseline 0.001 -14"><span class='ocrx_word' id='word_1_147' title='bbox 293 2223 435 2297; x_wconf 86' lang='lat' dir='ltr'><strong>quoniam</strong></span> <span class='ocrx_word' id='word_1_148' title='bbox 454 2231 576 2298; x_wconf 89' lang='lat' dir='ltr'><strong>propius</strong></span> <span class='ocrx_word' id='word_1_149' title='bbox 595 2227 677 2297; x_wconf 77' lang='lat' dir='ltr'><strong>abeS,</strong></span> <span class='ocrx_word' id='word_1_150' title='bbox 698 2226 832 2298; x_wconf 88' lang='lat' dir='ltr'><strong>Pompei,</strong></span> <span class='ocrx_word' id='word_1_151' title='bbox 847 2231 942 2285; x_wconf 90' lang='lat' dir='ltr'><strong>nostri</strong></span> <span class='ocrx_word' id='word_1_152' title='bbox 961 2230 1057 2284; x_wconf 85' lang='lat' dir='ltr'><strong>amici.</strong></span> <span class='ocrx_word' id='word_1_153' title='bbox 1102 2226 1190 2298; x_wconf 87' lang='lat' dir='ltr'><strong>Nega</strong></span> 
     </span>
    </p>

    <p class='ocr_par' dir='ltr' id='par_1_8' title="bbox 267 2314 1187 2386">
     <span class='ocr_line' id='line_1_21' title="bbox 267 2314 1187 2386; baseline 0.003 -14"><span class='ocrx_word' id='word_1_154' title='bbox 267 2314 270 2320; x_wconf 77' lang='grc'><strong>’</strong></span> <span class='ocrx_word' id='word_1_155' title='bbox 293 2335 343 2373; x_wconf 90' lang='lat' dir='ltr'><strong>me</strong></span> <span class='ocrx_word' id='word_1_156' title='bbox 367 2319 395 2372; x_wconf 92' lang='lat' dir='ltr'><strong>ei</strong></span> <span class='ocrx_word' id='word_1_157' title='bbox 417 2319 529 2373; x_wconf 89' lang='lat' dir='ltr'><strong>iratum</strong></span> <span class='ocrx_word' id='word_1_158' title='bbox 549 2315 624 2386; x_wconf 87' lang='lat' dir='ltr'><strong>fore,</strong></span> <span class='ocrx_word' id='word_1_159' title='bbox 639 2320 664 2374; x_wconf 91' lang='lat' dir='ltr'><strong>si</strong></span> <span class='ocrx_word' id='word_1_160' title='bbox 684 2316 724 2373; x_wconf 90' lang='lat' dir='ltr'><strong>ad</strong></span> <span class='ocrx_word' id='word_1_161' title='bbox 746 2336 814 2373; x_wconf 90' lang='lat' dir='ltr'><strong>mea</strong></span> <span class='ocrx_word' id='word_1_162' title='bbox 835 2319 957 2374; x_wconf 87' lang='lat' dir='ltr'><strong>comitia</strong></span> <span class='ocrx_word' id='word_1_163' title='bbox 970 2335 1041 2373; x_wconf 86' lang='lat' dir='ltr'><strong>non</strong></span> <span class='ocrx_word' id='word_1_164' title='bbox 1060 2320 1187 2375; x_wconf 87' lang='lat' dir='ltr'><strong>venerit.</strong></span> 
     </span>
    </p>

    <p class='ocr_par' dir='ltr' id='par_1_9' title="bbox 293 2403 1232 2564">
     <span class='ocr_line' id='line_1_22' title="bbox 293 2403 1232 2479; baseline 0.004 -17"><span class='ocrx_word' id='word_1_165' title='bbox 293 2404 396 2479; x_wconf 81' lang='lat' dir='ltr'><strong>Atque</strong></span> <span class='ocrx_word' id='word_1_166' title='bbox 411 2403 486 2461; x_wconf 87' lang='lat' dir='ltr'><strong>haec</strong></span> <span class='ocrx_word' id='word_1_167' title='bbox 500 2404 589 2462; x_wconf 92' lang='lat' dir='ltr'><strong>huius</strong></span> <span class='ocrx_word' id='word_1_168' title='bbox 602 2405 684 2462; x_wconf 91' lang='lat' dir='ltr'><strong>modi</strong></span> <span class='ocrx_word' id='word_1_169' title='bbox 699 2412 778 2462; x_wconf 86' lang='lat' dir='ltr'><strong>sunt.</strong></span> <span class='ocrx_word' id='word_1_170' title='bbox 1230 2462 1232 2466; x_wconf 85' lang='lat'>.</span> 
     </span>
     <span class='ocr_line' id='line_1_23' title="bbox 311 2492 1190 2564; baseline -0.001 -13"><span class='ocrx_word' id='word_1_171' title='bbox 311 2552 314 2557; x_wconf 69' lang='lat'>‚</span> <span class='ocrx_word' id='word_1_172' title='bbox 337 2492 398 2551; x_wconf 89' lang='lat' dir='ltr'><strong>Sed</strong></span> <span class='ocrx_word' id='word_1_173' title='bbox 413 2499 469 2563; x_wconf 89' lang='lat' dir='ltr'><strong>est,</strong></span> <span class='ocrx_word' id='word_1_174' title='bbox 484 2493 565 2563; x_wconf 91' lang='lat' dir='ltr'><strong>quod</strong></span> <span class='ocrx_word' id='word_1_175' title='bbox 579 2495 632 2551; x_wconf 88' lang='lat' dir='ltr'><strong>abs</strong></span> <span class='ocrx_word' id='word_1_176' title='bbox 646 2501 678 2552; x_wconf 91' lang='lat' dir='ltr'><strong>te</strong></span> <span class='ocrx_word' id='word_1_177' title='bbox 693 2493 768 2551; x_wconf 92' lang='lat' dir='ltr'><strong>mihi</strong></span> <span class='ocrx_word' id='word_1_178' title='bbox 782 2497 897 2564; x_wconf 78' lang='lat' dir='ltr'><strong>ignosci</strong></span> <span class='ocrx_word' id='word_1_179' title='bbox 916 2493 1070 2564; x_wconf 88' lang='lat' dir='ltr'><strong>pervelim.</strong></span> <span class='ocrx_word' id='word_1_180' title='bbox 1115 2493 1190 2550; x_wconf 84' lang='lat' dir='ltr'><strong>Cae-</strong></span> 
     </span>
    </p>
   </div>
   <div class='ocr_carea' id='block_1_7' title="bbox 233 2582 1251 3123">
    <p class='ocr_par' dir='ltr' id='par_1_10' title="bbox 233 2582 1251 3123">
     <span class='ocr_line' id='line_1_24' title="bbox 294 2582 1189 2654; baseline 0.001 -16"><span class='ocrx_word' id='word_1_181' title='bbox 294 2582 389 2651; x_wconf 78' lang='lat' dir='ltr'><strong>ciliuS,</strong></span> <span class='ocrx_word' id='word_1_182' title='bbox 400 2582 565 2643; x_wconf 87' lang='lat' dir='ltr'><strong>avunculus</strong></span> <span class='ocrx_word' id='word_1_183' title='bbox 579 2590 659 2654; x_wconf 88' lang='lat' dir='ltr'><strong>tuus,</strong></span> <span class='ocrx_word' id='word_1_184' title='bbox 670 2604 688 2640; x_wconf 88' lang='lat' dir='ltr'><strong>a</strong></span> <span class='ocrx_word' id='word_1_185' title='bbox 704 2582 735 2641; x_wconf 91' lang='lat' dir='ltr'><strong>P.</strong></span> <span class='ocrx_word' id='word_1_186' title='bbox 749 2583 839 2641; x_wconf 88' lang='lat' dir='ltr'><strong>Vario</strong></span> <span class='ocrx_word' id='word_1_187' title='bbox 853 2603 922 2641; x_wconf 88' lang='lat' dir='ltr'><strong>cum</strong></span> <span class='ocrx_word' id='word_1_188' title='bbox 936 2601 1046 2653; x_wconf 86' lang='lat' dir='ltr'><strong>magna</strong></span> <span class='ocrx_word' id='word_1_189' title='bbox 1060 2586 1189 2652; x_wconf 86' lang='lat' dir='ltr'><strong>pecunia</strong></span> 
     </span>
     <span class='ocr_line' id='line_1_25' title="bbox 294 2670 1189 2744; baseline 0 -16"><span class='ocrx_word' id='word_1_190' title='bbox 294 2670 492 2742; x_wconf 85' lang='lat' dir='ltr'><strong>fraudaretur,</strong></span> <span class='ocrx_word' id='word_1_191' title='bbox 508 2691 598 2742; x_wconf 89' lang='lat' dir='ltr'><strong>agere</strong></span> <span class='ocrx_word' id='word_1_192' title='bbox 613 2677 714 2744; x_wconf 87' lang='lat' dir='ltr'><strong>coepit</strong></span> <span class='ocrx_word' id='word_1_193' title='bbox 733 2692 803 2729; x_wconf 88' lang='lat' dir='ltr'><strong>cum</strong></span> <span class='ocrx_word' id='word_1_194' title='bbox 818 2677 881 2730; x_wconf 87' lang='lat' dir='ltr'><strong>eius</strong></span> <span class='ocrx_word' id='word_1_195' title='bbox 900 2671 994 2730; x_wconf 85' lang='lat' dir='ltr'><strong>fratre</strong></span> <span class='ocrx_word' id='word_1_196' title='bbox 1009 2670 1045 2727; x_wconf 88' lang='lat' dir='ltr'><strong>A.</strong></span> <span class='ocrx_word' id='word_1_197' title='bbox 1063 2670 1189 2728; x_wconf 87' lang='lat' dir='ltr'><strong>Caninio</strong></span> 
     </span>
     <span class='ocr_line' id='line_1_26' title="bbox 293 2760 1188 2833; baseline -0.001 -14"><span class='ocrx_word' id='word_1_198' title='bbox 293 2760 401 2831; x_wconf 84' lang='lat' dir='ltr'><strong>Satyro</strong></span> <span class='ocrx_word' id='word_1_199' title='bbox 423 2760 463 2819; x_wconf 89' lang='lat' dir='ltr'><strong>de</strong></span> <span class='ocrx_word' id='word_1_200' title='bbox 485 2765 521 2819; x_wconf 90' lang='lat' dir='ltr'><strong>iis</strong></span> <span class='ocrx_word' id='word_1_201' title='bbox 543 2763 642 2833; x_wconf 87' lang='lat' dir='ltr'><strong>rebus,</strong></span> <span class='ocrx_word' id='word_1_202' title='bbox 657 2781 731 2832; x_wconf 83' lang='lat' dir='ltr'><strong>quas</strong></span> <span class='ocrx_word' id='word_1_203' title='bbox 752 2781 823 2819; x_wconf 88' lang='lat' dir='ltr'><strong>eum</strong></span> <span class='ocrx_word' id='word_1_204' title='bbox 845 2761 916 2819; x_wconf 94' lang='lat' dir='ltr'><strong>dolo</strong></span> <span class='ocrx_word' id='word_1_205' title='bbox 938 2760 1018 2817; x_wconf 89' lang='lat' dir='ltr'><strong>malo</strong></span> <span class='ocrx_word' id='word_1_206' title='bbox 1038 2764 1188 2833; x_wconf 88' lang='lat' dir='ltr'><strong>mancipio</strong></span> 
     </span>
     <span class='ocr_line' id='line_1_27' title="bbox 233 2846 1251 2921; baseline 0.002 -16"><span class='ocrx_word' id='word_1_207' title='bbox 233 2856 245 2877; x_wconf 77' lang='lat'><strong>⁹</strong></span> <span class='ocrx_word' id='word_1_208' title='bbox 293 2853 443 2921; x_wconf 86' lang='lat' dir='ltr'><strong>accepisse</strong></span> <span class='ocrx_word' id='word_1_209' title='bbox 454 2850 494 2909; x_wconf 92' lang='lat' dir='ltr'><strong>de</strong></span> <span class='ocrx_word' id='word_1_210' title='bbox 505 2850 595 2910; x_wconf 89' lang='lat' dir='ltr'><strong>Vario</strong></span> <span class='ocrx_word' id='word_1_211' title='bbox 606 2851 730 2909; x_wconf 72' lang='lat' dir='ltr'><strong>diceret,</strong></span> <span class='ocrx_word' id='word_1_212' title='bbox 755 2850 825 2908; x_wconf 91' lang='lat' dir='ltr'><strong>Una</strong></span> <span class='ocrx_word' id='word_1_213' title='bbox 835 2850 968 2921; x_wconf 82' lang='lat' dir='ltr'><strong>agebant</strong></span> <span class='ocrx_word' id='word_1_214' title='bbox 982 2852 1077 2907; x_wconf 88' lang='lat' dir='ltr'><strong>ceteri</strong></span> <span class='ocrx_word' id='word_1_215' title='bbox 1091 2849 1188 2907; x_wconf 89' lang='lat' dir='ltr'><strong>credi·</strong></span> <span class='ocrx_word' id='word_1_216' title='bbox 1240 2846 1251 2887; x_wconf 59' lang='lat'><strong>³²</strong></span> 
     </span>
     <span class='ocr_line' id='line_1_28' title="bbox 292 2936 1188 3011; baseline 0.006 -18"><span class='ocrx_word' id='word_1_217' title='bbox 292 2945 382 3010; x_wconf 79' lang='lat' dir='ltr'><strong>toreS,</strong></span> <span class='ocrx_word' id='word_1_218' title='bbox 398 2943 431 2996; x_wconf 91' lang='lat' dir='ltr'><strong>in</strong></span> <span class='ocrx_word' id='word_1_219' title='bbox 451 2941 560 3011; x_wconf 91' lang='lat' dir='ltr'><strong>quibus</strong></span> <span class='ocrx_word' id='word_1_220' title='bbox 580 2947 645 2998; x_wconf 85' lang='lat' dir='ltr'><strong>erat</strong></span> <span class='ocrx_word' id='word_1_221' title='bbox 667 2937 701 2996; x_wconf 92' lang='lat' dir='ltr'><strong>L.</strong></span> <span class='ocrx_word' id='word_1_222' title='bbox 718 2938 862 2996; x_wconf 89' lang='lat' dir='ltr'><strong>Lucullus</strong></span> <span class='ocrx_word' id='word_1_223' title='bbox 882 2944 914 2995; x_wconf 89' lang='lat' dir='ltr'><strong>et</strong></span> <span class='ocrx_word' id='word_1_224' title='bbox 938 2936 969 2994; x_wconf 91' lang='lat' dir='ltr'><strong>P.</strong></span> <span class='ocrx_word' id='word_1_225' title='bbox 987 2937 1086 3008; x_wconf 89' lang='lat' dir='ltr'><strong>Scipio</strong></span> <span class='ocrx_word' id='word_1_226' title='bbox 1106 2945 1147 3010; x_wconf 89' lang='lat' dir='ltr'><strong>et,</strong></span> <span class='ocrx_word' id='word_1_227' title='bbox 1162 2943 1188 2998; x_wconf 85' lang='lat' dir='ltr'><strong>is</strong></span> 
     </span>
     <span class='ocr_line' id='line_1_29' title="bbox 293 3025 1251 3123; baseline 0 -39"><span class='ocrx_word' id='word_1_228' title='bbox 293 3046 384 3097; x_wconf 89' lang='lat' dir='ltr'><strong>quem</strong></span> <span class='ocrx_word' id='word_1_229' title='bbox 398 3030 548 3100; x_wconf 86' lang='lat' dir='ltr'><strong>putabant</strong></span> <span class='ocrx_word' id='word_1_230' title='bbox 567 3032 745 3098; x_wconf 81' lang='lat' dir='ltr'><strong>magistrum</strong></span> <span class='ocrx_word' id='word_1_231' title='bbox 760 3025 834 3096; x_wconf 87' lang='lat' dir='ltr'><strong>fore,</strong></span> <span class='ocrx_word' id='word_1_232' title='bbox 850 3030 875 3083; x_wconf 93' lang='lat' dir='ltr'><strong>si</strong></span> <span class='ocrx_word' id='word_1_233' title='bbox 894 3026 973 3083; x_wconf 88' lang='lat' dir='ltr'><strong>bona</strong></span> <span class='ocrx_word' id='word_1_234' title='bbox 986 3029 1136 3098; x_wconf 87' lang='lat' dir='ltr'><strong>venirent,</strong></span> <span class='ocrx_word' id='word_1_235' title='bbox 1152 3025 1186 3085; x_wconf 88' lang='lat' dir='ltr'><strong>L.</strong></span> <span class='ocrx_word' id='word_1_236' title='bbox 1250 3062 1251 3123; x_wconf 33' lang='lat' dir='ltr'><strong>p</strong></span> 
     </span>
    </p>
   </div>
   <div class='ocr_carea' id='block_1_8' title="bbox 291 3121 1251 3318">
    <p class='ocr_par' dir='ltr' id='par_1_11' title="bbox 291 3121 1251 3318">
     <span class='ocr_line' id='line_1_30' title="bbox 324 3121 1251 3193; baseline -0.001 -20"><span class='ocrx_word' id='word_1_237' title='bbox 324 3123 394 3188; x_wconf 85' lang='lat' dir='ltr'><strong>¹qne</strong></span> <span class='ocrx_word' id='word_1_238' title='bbox 413 3142 472 3174; x_wconf 88' lang='lat' dir='ltr'><strong>cum</strong></span> <span class='ocrx_word' id='word_1_239' title='bbox 493 3125 560 3186; x_wconf 81' lang='lat' dir='ltr'><strong>(tum</strong></span> <span class='ocrx_word' id='word_1_240' title='bbox 582 3124 618 3186; x_wconf 89' lang='lat' dir='ltr'><strong>Z)</strong></span> <span class='ocrx_word' id='word_1_241' title='bbox 635 3122 833 3171; x_wconf 86' lang='lat' dir='ltr'><strong>erit-libenter</strong></span> <span class='ocrx_word' id='word_1_242' title='bbox 852 3137 923 3170; x_wconf 87' lang='lat' dir='ltr'><strong>nunc</strong></span> <span class='ocrx_word' id='word_1_243' title='bbox 942 3122 1025 3172; x_wconf 84' lang='lat' dir='ltr'><strong>ceteri</strong></span> <span class='ocrx_word' id='word_1_244' title='bbox 1044 3121 1190 3185; x_wconf 82' lang='lat' dir='ltr'><strong>(nuntitere</strong></span> <span class='ocrx_word' id='word_1_245' title='bbox 1250 3140 1251 3193; x_wconf 55' lang='lat' dir='ltr'><strong>i</strong></span> 
     </span>
     <span class='ocr_line' id='line_1_31' title="bbox 292 3187 1251 3254; baseline 0 -18"><span class='ocrx_word' id='word_1_246' title='bbox 292 3189 327 3236; x_wconf 92' lang='lat' dir='ltr'><em>M</em></span> <span class='ocrx_word' id='word_1_247' title='bbox 337 3208 435 3254; x_wconf 57' lang='lat' dir='ltr'><strong>marga</strong></span> <span class='ocrx_word' id='word_1_248' title='bbox 452 3189 584 3238; x_wconf 81' lang='lat' dir='ltr'><strong>nunciteri</strong></span> <span class='ocrx_word' id='word_1_249' title='bbox 601 3188 637 3247; x_wconf 89' lang='lat' dir='ltr'><strong>Z)</strong></span> <span class='ocrx_word' id='word_1_250' title='bbox 652 3188 754 3235; x_wconf 88' lang='lat' dir='ltr'><strong>consuli</strong></span> <span class='ocrx_word' id='word_1_251' title='bbox 771 3187 877 3246; x_wconf 85' lang='lat' dir='ltr'><strong>(concili</strong></span> <span class='ocrx_word' id='word_1_252' title='bbox 890 3188 935 3246; x_wconf 89' lang='lat' dir='ltr'><strong>Z),</strong></span> <span class='ocrx_word' id='word_1_253' title='bbox 949 3188 1093 3236; x_wconf 84' lang='lat' dir='ltr'><strong>acciderim</strong></span> <span class='ocrx_word' id='word_1_254' title='bbox 1109 3189 1191 3248; x_wconf 79' lang='lat' dir='ltr'><strong>(acci.</strong></span> <span class='ocrx_word' id='word_1_255' title='bbox 1250 3238 1251 3243; x_wconf 59' lang='grc'>,</span> 
     </span>
     <span class='ocr_line' id='line_1_32' title="bbox 291 3252 1114 3318; baseline -0.001 -14"><span class='ocrx_word' id='word_1_256' title='bbox 291 3255 391 3304; x_wconf 86' lang='lat' dir='ltr'><strong>derunt</strong></span> <span class='ocrx_word' id='word_1_257' title='bbox 404 3257 432 3304; x_wconf 93' lang='lat' dir='ltr'><em>Z</em></span> <span class='ocrx_word' id='word_1_258' title='bbox 433 3257 441 3318; x_wconf 88' lang='lat'><strong>)</strong></span> <span class='ocrx_word' id='word_1_259' title='bbox 454 3254 484 3303; x_wconf 90' lang='lat' dir='ltr'><em>M</em></span> <span class='ocrx_word' id='word_1_260' title='bbox 487 3255 532 3304; x_wconf 80' lang='lat' dir='ltr'><strong>Z&#39;:</strong></span> <span class='ocrx_word' id='word_1_261' title='bbox 546 3255 589 3303; x_wconf 77' lang='lat' dir='ltr'><strong>the</strong></span> <span class='ocrx_word' id='word_1_262' title='bbox 602 3253 718 3315; x_wconf 77' lang='lat' dir='ltr'><strong>reading</strong></span> <span class='ocrx_word' id='word_1_263' title='bbox 728 3255 757 3301; x_wconf 81' lang='lat' dir='ltr'><strong>in</strong></span> <span class='ocrx_word' id='word_1_264' title='bbox 771 3252 815 3300; x_wconf 75' lang='lat' dir='ltr'><strong>the</strong></span> <span class='ocrx_word' id='word_1_265' title='bbox 827 3255 920 3301; x_wconf 77' lang='lat' dir='ltr'><strong>textis</strong></span> <span class='ocrx_word' id='word_1_266' title='bbox 932 3255 993 3302; x_wconf 76' lang='lat' dir='ltr'><strong>that</strong></span> <span class='ocrx_word' id='word_1_267' title='bbox 1003 3255 1036 3318; x_wconf 89' lang='lat' dir='ltr'><strong>os</strong></span> <span class='ocrx_word' id='word_1_268' title='bbox 1041 3253 1114 3304; x_wconf 81' lang='lat' dir='ltr'><strong>Boot.</strong></span> 
     </span>
    </p>
   </div>
   <div class='ocr_carea' id='block_1_9' title="bbox 373 3320 1251 3409">
    <p class='ocr_par' dir='ltr' id='par_1_12' title="bbox 373 3320 1251 3409">
     <span class='ocr_line' id='line_1_33' title="bbox 373 3320 1251 3409; baseline 0 0"><span class='ocrx_word' id='word_1_269' title='bbox 373 3340 392 3390; x_wconf 75' lang='lat'><em>4</em></span> <span class='ocrx_word' id='word_1_270' title='bbox 1249 3320 1251 3409; x_wconf 82' lang='lat' dir='ltr'><strong>l</strong></span> 
     </span>
    </p>
   </div>
   <div class='ocr_carea' id='block_1_10' title="bbox 0 0 1260 3958">
    <p class='ocr_par' dir='ltr' id='par_1_13' title="bbox 0 0 1260 3958">
     <span class='ocr_line' id='line_1_34' title="bbox 0 0 1260 3958; baseline 0 1"><span class='ocrx_word' id='word_1_271' title='bbox 0 0 1260 3958; x_wconf 95' lang='lat' dir='ltr'><strong> </strong></span> 
     </span>
    </p>
   </div>
  </div>
 </body>
</html>
