2498 3850
444 302 613 362 MARCUS
635 303 817 362 TULLIUS
839 302 989 362 CICERO

267 421 421 480 modestos
448 422 586 482 homines
611 424 730 482 sibilare
760 423 937 482 docuerunt.
982 421 1108 481 Bibulus
1133 426 1166 479 in

267 530 352 587 ctelo
366 538 423 602 est,
438 551 506 602 nec,
521 551 624 604 quare,
640 537 710 603 scio,
726 532 781 590 sed
795 537 839 591 ita
852 531 1002 603 laudatur,
1017 534 1102 603 quasi

330 636 448 710 “Unus
463 651 554 710 homo
567 654 655 711 nobis
669 652 841 711 cunctando
856 656 991 710 restituit
1005 651 1100 709 rem.’'

311 774 481 847 Pompeius,
496 781 592 835 nostri
605 796 732 848 amoma,
746 777 828 849 quod
849 777 924 834 mihi
938 795 1055 836 summo
1069 767 1167 834 dolori

268 890 325 954 est,
340 887 405 955 ipse
420 904 452 942 se
466 884 590 943 adflixit
625 886 789 943 Neminem
803 893 916 965 tenent
927 885 1084 943 voluntate
1096 904 1104 953 ;
1125 903 1167 942 ne

161 1048 165 1055 ,
268 999 493 1051 metu‘necesse
511 998 551 1052 sit
570 999 606 1052 iis
626 998 682 1064 uti,
696 1013 809 1052 vereor.
854 994 921 1065 Ego
941 1001 1045 1051 autem
1064 1012 1167 1064 neque

268 1118 372 1172 pugno
389 1121 458 1158 cum
477 1101 529 1159 illa
545 1122 634 1160 causa
653 1110 777 1173 propter
791 1102 874 1159 illam
887 1105 1051 1159 amicitiam
1065 1101 1167 1172 neque

268 1210 411 1289 approbo,
423 1228 463 1267 ne
478 1215 579 1267 omnia
592 1211 770 1281 improbem,
782 1217 962 1282 quaeantea
976 1213 1075 1280 gessi3
1096 1216 1166 1267 utor

67 1331 218 1422 χ
233 1320 353 1415 Qu.
341 1308 477 1388 Populi
503 1337 607 1375 sensus
633 1322 763 1376 maxime
787 1318 908 1376 theatro
931 1325 964 1375 et
986 1316 1167 1403 spectaculis

236 1466 254 1483 ,ι
268 1432 446 1494 perspectus
466 1433 532 1495 est3
556 1445 628 1482 nam
648 1425 865 1498 gladiatoribus
879 1447 939 1498 qua
953 1425 1092 1483 dominus
1107 1445 1168 1497 qua

269 1530 407 1617 advocati
421 1514 515 1593 sibilis
535 1539 695 1604 conscissi;
716 1533 796 1593 ludis
816 1534 1041 1606 Apollinaribus
1057 1532 1167 1605 Diphi-

268 1637 316 1697 lus
348 1640 511 1711 tragoedus
543 1612 577 1698 in
608 1650 745 1700 nostrum
782 1642 960 1714 Pompeium
991 1639 1168 1714 petulanter

229 1828 233 1835 Α
269 1751 407 1823 invectus
423 1757 488 1807 est:

252 1927 255 1932 .
311 1840 452 1913 “Nostra
465 1861 584 1916 miseria
599 1866 634 1915 tu
649 1877 681 1916 es
695 1878 823 1930 magnus
838 1858 897 1900 —’'

269 1963 390 2021 miliens
404 1973 525 2024 coactus
540 1973 588 2023 est
602 1965 704 2024 dicere
716 1986 724 2035 ;

269 2058 275 2118 s
315 2057 481 2131 “Eandem
502 2078 648 2132 virtutem
672 2078 762 2132 istam
785 2078 888 2132 veniet
913 2081 1034 2146 tempus
1055 2093 1126 2131 cum

394 2187 527 2253 graviter
540 2201 646 2254 gemes
656 2183 674 2202 '⁹

269 2294 364 2348 totius
377 2290 491 2348 theatri
506 2291 635 2348 clamore
651 2291 729 2349 dixit
743 2295 879 2362 itemque
894 2298 1004 2348 cetera.
1039 2290 1120 2348 Nam
1135 2298 1168 2348 et

271 2402 335 2455 eius
356 2398 437 2455 modi
460 2406 531 2457 sunt
548 2404 570 2456 ii
591 2419 705 2470 versus,
720 2404 766 2457 uti
788 2403 820 2456 in
842 2407 963 2471 tempus
984 2399 1023 2456 ab
1044 2402 1167 2456 inimico

272 2504 396 2577 Pompei
411 2511 515 2578 scripti
527 2527 592 2565 esse
606 2507 785 2566 videantur:

270 2627 275 2633 ’
354 2612 415 2686 “Si
429 2647 529 2699 neque
544 2628 629 2700 leges
644 2647 745 2700 neque
760 2648 858 2686 mores
874 2635 988 2700 cogunt
1002 2628 1073 2699 —,”

270 2739 306 2805 et
318 2755 420 2806 cetera
433 2768 545 2820 magno
559 2770 628 2807 cum
643 2749 766 2808 fremitu
782 2756 814 2807 et
834 2748 964 2807 clamore
984 2756 1055 2806 sunt
1075 2748 1165 2807 dicta

271 2848 465 2908 Caesareum
480 2855 613 2909 venisset
634 2858 753 2908 mortuo
775 2850 891 2922 plausu,
907 2850 997 2908 Curio
1020 2849 1098 2911 filius
1120 2858 1168 2908 est

271 2954 432 3010 insecutus
478 2951 561 3009 Huic
576 2956 619 3009 ita
633 2952 771 3024 plausum
782 2958 843 3022 ',est
855 2959 891 3009 ut
905 2952 985 3009 salva
999 2971 1032 3009 re
1046 2951 1168 3023 publica

269 3052 415 3141 Pompeio
432 3052 537 3141 plaudi
551 3050 686 3111 solebat.
708 3049 792 3111 Tulit
806 3054 915 3136 Caesar
928 3057 1070 3124 graviter.-
1077 3047 1168 3111 Lit-

269 3154 354 3212 terae
369 3146 502 3226 Capuam
516 3154 556 3212 ad
572 3136 757 3227 Pompeium
763 3155 864 3213 volare¹
879 3152 1065 3226 dicebantur.
1105 3153 1168 3213 Ini-

357 3248 415 3315 166
