2494 3854
445 297 615 358 MARCUS
637 297 820 357 TULLIUS
841 298 991 356 CICERO

269 441 359 491 erunt
386 432 463 491 duce
493 433 613 503 Pacoro,
637 432 747 491 Orodis
774 436 854 504 regis
884 432 1062 490 Parthorum
1094 432 1164 509 filio,
1189 514 1193 517 ⁸

269 544 386 599 cunctis
400 540 465 598 fere
480 544 582 613 copiis.
622 539 749 598 Bibulus
761 539 898 596 nondum
908 538 1088 597 audiebatur
1099 558 1163 596 esse

268 651 301 703 in
315 646 416 718 Syria;
438 647 556 705 Cassius
575 650 607 702 in
621 647 734 717 oppido
748 644 913 704 Antiochia
931 653 979 703 est
998 665 1068 703 cum
1081 649 1163 703 omni

269 758 414 822 exercitu,
426 773 481 811 nos
492 757 524 810 in
539 753 729 825 Cappadocia
738 752 778 810 ad
792 752 925 811 Tauru'm
936 768 1005 809 cum
1017 756 1162 822 exercitu,

268 858 307 917 ad
326 859 479 931 Cybistra3
500 859 596 917 hostis
613 863 646 916 in
663 859 863 931 Cyrrhestica,
879 878 956 930 quae
974 856 1078 929 Syriae
1095 879 1163 931 pars

268 970 404 1038 proxima
424 974 472 1024 est
491 971 663 1038 provinciae
682 986 777 1024 meae
823 967 882 1024 His
902 965 941 1023 de
956 966 1045 1023 rebus
1060 970 1164 1037 scripsi
1239 956 1240 995 ³

268 1074 307 1131 ad
329 1080 479 1144 senatum,
494 1093 568 1144 quas
591 1073 717 1144 litteras,
732 1077 758 1130 si
780 1073 892 1130 Romae
914 1092 957 1142 es,
971 1072 1088 1130 videbis
1107 1093 1164 1144 pu-
1239 1114 1240 1119 κ

268 1188 356 1240 tesne
384 1180 566 1252 reddendas,
592 1188 625 1238 et
653 1171 771 1250 multas
780 1183 873 1237 immo
901 1185 1011 1250 omnia,
1036 1180 1165 1252 quorum
1239 1192 1240 1263 j

270 1286 436 1357 κεφάλαιον,
452 1288 580 1359 nequid
600 1291 681 1345 inter
697 1307 784 1345 caesa
800 1294 833 1344 et
849 1295 997 1358 porrecta,
1017 1295 1052 1345 ut
1069 1291 1165 1359 aiunt,
1239 1322 1240 1327 κ

268 1398 368 1452 oneris
388 1394 463 1452 mihi
477 1394 607 1452 addatur
621 1401 674 1451 aut
689 1397 842 1466 temporis
887 1395 982 1452 Nobis
1002 1398 1085 1452 enim
1107 1394 1165 1453 hac
1190 1387 1199 1394 ’
1239 1470 1240 1481 ¹

266 1500 444 1559 'infirmitate
474 1505 635 1572 exercitus
665 1505 767 1572 inopia
802 1505 960 1573 sociorum,
985 1506 1165 1573 praesertim

267 1587 413 1673 fidelium,
435 1605 637 1661 certissimum
659 1603 826 1660 subsidium
849 1610 897 1661 est
918 1602 1025 1660 hiems.
1070 1603 1114 1660 Ea
1140 1606 1166 1662 si
1239 1586 1240 1657 f

268 1708 396 1775 venerit,
408 1724 466 1762 nec
480 1703 525 1761 illi
540 1712 612 1762 ante
627 1708 659 1761 in
674 1724 773 1761 meam
784 1708 968 1776 provinciam
978 1709 1166 1777 transierint,

268 1825 363 1862 unum
384 1790 500 1876 vereor,
514 1825 554 1862 ne
574 1814 697 1863 senatus
717 1813 842 1880 propter
861 1807 1044 1864 urbanarum
1060 1824 1167 1864 rerum

267 1913 385 1963 metum
401 1906 578 1977 Pompeium
592 1907 671 1965 nolit
684 1906 849 1966 dimittere.
887 1906 1005 1979 Quodsi
1018 1906 1111 1964 alium
1125 1909 1167 1966 ad

268 2018 321 2063 ver
334 2011 440 2078 mittit,
456 2027 518 2064 non
532 2007 645 2078 laboro,
659 2009 746 2066 nobis
764 2008 854 2066 modo
874 2013 1074 2080 temporisne
1089 2009 1167 2080 quid

266 2116 453 2180 prorogetur.
499 2109 587 2166 Haec
602 2113 704 2180 igitur,
716 2113 741 2166 si
756 2129 789 2166 es
806 2109 933 2178 Romae;
955 2111 1002 2167 s'in
1016 2110 1099 2180 abes,
1111 2120 1167 2168 aut

267 2213 360 2279 etiam
379 2214 404 2268 si
424 2210 507 2280 ades,
522 2209 598 2267 haec
619 2214 743 2280 negotia
762 2214 805 2267 sic
820 2230 852 2268 se
873 2210 997 2268 habent.
1042 2210 1167 2270 Stamus

266 2315 373 2368 animis
396 2318 437 2382 et,
461 2316 532 2383 quia
554 2310 695 2382 consiliis,
713 2318 749 2368 ut
770 2311 917 2382 videmur,
932 2297 1167 2385 bonis'utimur,
1239 2340 1240 2355 κ

266 2431 420 2484 speramus
438 2417 531 2469 etiam
550 2433 649 2469 manu.
694 2411 775 2469 Tuto
794 2413 984 2470 consedimus
1003 2417 1127 2484 copioso
1150 2435 1171 2471 a·

267 2511 431 2584 frumento,
449 2514 585 2571 Ciliciam
606 2532 700 2584 prope
722 2517 940 2585 conspiciente,
958 2514 1104 2585 expedito
1126 2516 1167 2573 ad

266 2614 447 2672 mutandum
461 2614 528 2672 lbco
541 2633 633 2686 parvo
650 2618 797 2685 exercitu,
812 2614 876 2686 sed,
891 2622 927 2673 ut
943 2633 1041 2688 spero,
1056 2617 1096 2675 ad
1111 2618 1167 2675 be·
1239 2634 1240 2661 ¹

266 2715 471 2774 nevolentiam
481 2737 554 2788 erga
564 2735 619 2773 nos
630 2720 851 2775 consentiente.
892 2715 994 2789 Quem
1001 2737 1058 2776 nos
1070 2718 1167 2776 Deio-

265 2820 323 2874 tari
351 2816 486 2876 adventu
514 2839 584 2876 cum
612 2821 673 2875 suis
697 2818 837 2876 omnibus
862 2823 955 2890 copiis
978 2818 1168 2890 duplicaturi

190 2939 197 2944 ’²
265 2937 391 2977 eramus.
442 2918 536 2978 Sociis
565 2918 663 2976 multo
691 2917 875 2979 fidelioribus
910 2924 1035 2992 utimur,
1071 2940 1168 2992 quam

180 3046 183 3050 ⁸
229 3016 236 3027 '⁸
265 3022 423 3092 quisquam
438 3041 508 3079 usus
524 3028 586 3089 est3
606 3020 714 3092 quibus
726 3020 911 3079 incredibilis
924 3021 1046 3079 videtur
1059 3031 1168 3081 nostra

233 3101 238 3106 ψ
265 3129 298 3183 et
325 3122 528 3180 mansuetudo
557 3130 590 3179 et
618 3122 809 3179 abstinentia.
864 3121 1003 3181 Dilectus
1031 3123 1169 3183 habetur

349 3249 407 3300 382
