2484 3854
454 280 625 340 MARCUS
646 279 830 340 TULLIUS
851 279 1002 339 CICERO

278 408 335 472 est,
351 401 400 460 vel
419 401 502 472 quod
519 401 610 461 rebus
629 406 706 461 meis
718 405 850 460 maxime
864 409 1116 471 consentaneum,
1127 402 1178 460 vel

277 509 369 581 quod,
383 529 402 566 a
416 517 524 568 senatu
539 514 645 580 quanti
660 509 739 579 fiam,
754 513 879 566 minime
893 529 944 566 me
958 514 1112 581 paenitet.‘

220 616 224 625 ⁴
322 612 370 675 De
386 617 543 689 Sicyoniis,
558 625 594 675 ut
607 617 647 675 ad
666 626 699 675 te
719 621 824 688 scripsi
843 625 944 687 antea,
964 637 1026 674 non
1044 617 1177 676 multum

278 728 343 797 spei
358 729 449 784 estin
460 733 584 795 senatu3
599 745 691 783 nemo
702 733 749 783 est
760 729 852 795 enim,
864 724 947 782 idem
958 730 1010 796 qui
1021 734 1182 805 queratur,

279 832 393 907 Quare,
408 838 433 892 si
453 833 484 893 id
507 842 674 906 exspectas,
688 834 814 904 longum
836 840 899 902 est;
919 833 978 890 alia
999 838 1055 905 via,
1070 839 1100 891 siv
1117 855 1178 906 qua

278 950 377 1015 potes,
391 961 502 1015 pugna
548 943 624 1000 Cum
638 949 687 1000 est
699 949 812 1012 actum,
823 961 924 1012 neque
934 941 1178 1000 animadversum

279 1058 336 1121 est,
351 1049 390 1108 ad
405 1070 479 1122 quos
494 1054 674 1123 pertineret,
689 1057 722 1107 et
736 1053 847 1121 raptim
861 1052 893 1105 in
908 1069 975 1106 eam
990 1054 1178 1107 sententiam

277 1157 394 1230 pedarii
405 1166 610 1217 cucurrerunt.
657 1157 827 1214 Inducendi
838 1165 960 1215 senatus
971 1157 1100 1214 consulti
1111 1179 1177 1215 ma-

278 1269 386 1324 turitas
401 1266 537 1324 nondum
553 1274 609 1336 est,
625 1265 707 1337 quod
721 1285 821 1336 neque
837 1273 918 1335 sunt,
932 1269 984 1336 qui
998 1273 1177 1348 querantur,

278 1373 415 1432 etmulti
429 1378 539 1445 partim
554 1374 777 1445 malevolentia,
790 1378 901 1446 partim
915 1377 1056 1444 opinione
1070 1379 1177 1445 aequi·

277 1487 349 1541 tatis
363 1482 564 1541 delectantur.
604 1486 608 1491 ’
634 1508 637 1511 ·
677 1528 678 1531 ¹
773 1498 776 1502 ⁴
1048 1562 1053 1567 „

319 1589 465 1649 Metellus
475 1598 546 1648 tuus
558 1575 605 1648 est
616 1592 756 1661 egregins
766 1591 885 1658 consul;
899 1564 994 1646 unum
1008 1570 1184 1660 reprehens

276 1696 325 1770 do,
346 1697 427 1769 quod
447 1702 543 1755 otium
562 1703 696 1756 nuntiari
716 1719 733 1756 e
755 1698 853 1755 Gallia
872 1717 934 1754 non
953 1717 1064 1768 magno
1081 1674 1177 1769 opere

275 1805 398 1875 gaudet.
437 1806 538 1877 Cupit,
554 1806 654 1878 credo,
669 1805 864 1877 triumphare.
900 1805 969 1861 Hoc
984 1804 1095 1862 vellem
1109 1827 1176 1884 me-

276 1912 421 1982 diocrius;
453 1921 555 1972 cetera
584 1892 714 1983 egregia.
763 1913 837 1970 Auli
865 1912 942 1969 filius
970 1931 1040 1969 vero
1069 1917 1111 1971 ita
1126 1922 1133 1973 J
1141 1935 1178 1973 se

274 2018 365 2086 gerit,
376 2022 412 2073 ut
423 2018 487 2073 eius
498 2013 671 2073 consulatus
682 2034 744 2072 non
755 2014 927 2072 consulatus
938 2008 987 2084 sit,
997 2014 1051 2071 sed
1066 2015 1176 2086 Magni

275 2118 370 2173 nostri
385 2114 519 2173 ὑπώπιον.
621 2102 624 2108 Δ

319 2222 367 2282 De
381 2227 457 2282 meis
472 2227 590 2295 scriptis
604 2227 672 2280 misi
686 2204 726 2280 ad
739 2230 772 2280 te
789 2223 904 2302 Graece
919 2222 1090 2295 perfectum
1102 2244 1176 2282 con-

276 2322 409 2382 sulatum
422 2322 532 2382 meum.
571 2323 650 2381 Eum
662 2324 771 2381 librum
784 2323 816 2381 L
831 2325 964 2399 Cossinio
975 2323 1055 2381 dedi.
1095 2325 1176 2384 Puto

276 2430 308 2482 te
321 2424 437 2482 Latinis
448 2429 523 2482 meis
535 2423 690 2495 delectari,
703 2424 773 2482 huic
782 2433 885 2483 autem
896 2408 1012 2482 Graeco
1022 2426 1176 2508 Graecum

276 2524 419 2583 invidere.
465 2525 527 2582 Alii
547 2529 579 2599 si
593 2530 776 2598 scripserint,
799 2530 955 2584 mittemus
977 2527 1016 2584 ad
1037 2535 1085 2595 te;
1107 2530 1175 2601 sed,

276 2627 351 2684 mihi
367 2626 467 2699 crede,
483 2627 572 2685 simul
586 2635 679 2699 atque
690 2627 748 2685 hoc
759 2634 896 2686 nostrum
906 2628 1058 2700 legerunt,
1069 2636 1176 2688 nescio

275 2748 335 2800 quo
349 2735 438 2800 pacto
453 2728 652 2787 retardantur.

318 2830 417 2901 Nunc,
429 2836 464 2888 ut
474 2829 513 2888 ad
524 2850 588 2888 rem
600 2849 699 2887 meam
710 2830 842 2900 redeam,
856 2829 889 2887 L.
905 2829 1038 2902 Papirius
1051 2830 1176 2905 Paetus

275 2934 320 2989 vir
343 2931 439 2988 bonus
464 2937 651 3013 amatorque-y
664 2938 776 3001 noster,
800 2930 875 2987 mihi
897 2930 989 2989 libros
1012 2951 1077 3002 eos·
1097 2953 1177 3003 quos

276 3034 338 3093 Ser.
354 3032 495 3091 Claudius
510 3034 642 3105 reliquit,
654 3032 785 3090 donavit.
824 3033 899 3090 Cum
914 3032 990 3090 mihi
1004 3052 1058 3105 per
1069 3032 1178 3104 legem

276 3135 409 3195 Cinciam
428 3134 519 3191 licere
538 3153 646 3204 capere
666 3133 795 3204 Cincius,
813 3137 931 3190 amicus
945 3141 1026 3203 tuus,
1041 3133 1189 3209 diceret,-

358 3215 400 3283 96
