2494 3854
437 308 606 369 MARCUS
627 306 810 377 TULLIUS
833 309 983 368 CICERO

695 646 725 702 X

561 761 665 798 cicaro
681 761 786 799 ar'r1c0
801 761 860 798 sai.
1124 806 1128 813 ,
1239 798 1240 801 ,

47 847 106 904 Ser,
120 846 236 905 Athenis
304 839 347 897 Ut
364 838 503 896 Athenas
522 858 547 895 a,
564 837 727 896 d.v1.Kal.
747 836 920 909 Quinctiles
936 857 1089 907 veneram,
1107 858 1156 895 ex-

44 930 120 1002 prid.
136 929 174 987 K.
188 938 236 987 aut
259 935 434 1006 spectabam
450 934 493 991 ibi
509 938 570 991 iam
583 940 725 1004 quartum
739 933 822 990 diem
842 932 1039 1004 Pomptinum
1058 952 1157 1004 neque

49 1013 85 1070 K·
100 1013 233 1080 Quint-‘st
260 1030 299 1088 de
325 1035 390 1087 eius
413 1030 548 1089 adventu
573 1034 650 1087 certi
674 1034 836 1101 quicquam
863 1029 1022 1087 habebam:
1068 1030 1156 1086 Eram

50 1099 110 1156 7⁰3
260 1134 364 1185 autem
377 1133 470 1198 totus,
481 1126 572 1184 crede
583 1126 668 1196 mihi,
679 1135 782 1185 tecum
794 1134 836 1197 et,
847 1146 1030 1197 quamquam
1044 1130 1116 1184 sine·
1123 1129 1157 1183 iis

260 1244 316 1295 per
329 1243 378 1281 me
392 1227 467 1295 ipse,
478 1231 583 1280 tamen
596 1227 694 1280 acrius
708 1227 843 1294 vestigiis
857 1227 918 1280 tuis
932 1226 1066 1280 monitus
1076 1222 1115 1279 de
1125 1229 1157 1279 te

260 1320 438 1389 cogitabam.
476 1317 560 1397 Quid
570 1319 711 1390 quaeris?
730 1339 793 1375 non
807 1318 982 1376 mehercule
993 1318 1069 1376 alius
1080 1317 1158 1375 ullus

260 1402 436 1472 sermo'nisi
454 1414 494 1472 de
513 1422 561 1471 te.v
599 1413 661 1472 Sed
682 1421 717 1472 tu
734 1414 774 1472 de
791 1434 842 1473 me
862 1418 928 1486 ipso
945 1413 1059 1484 aliquid
1080 1412 1155 1471 scire
1239 1422 1240 1471 ἓ

260 1509 496 1567 fortassemavis.
529 1510 617 1567 Haec
626 1516 705 1567 sunt.
736 1510 848 1567 Adhuc
856 1517 993 1582 sumptus
1002 1513 1158 1567 necinme
1239 1496 1240 1547 7

260 1613 314 1662 aut
327 1604 449 1676 publice
463 1612 516 1662 aut
529 1609 670 1676 privatim
684 1625 742 1663 nec
757 1609 789 1663 in
803 1625 987 1676 quemquam
1002 1608 1155 1662 comitum.

261 1700 346 1758 Nihil
355 1705 500 1772 accipitur
510 1701 580 1771 lege
590 1700 676 1771 Iulia,
686 1700 762 1757 nihil
771 1702 811 1758 ab
819 1701 947 1772 hospite.
981 1701 1159 1758 Persuasum

261 1804 309 1853 est
319 1797 458 1853 omnibus
469 1801 544 1854 meis
555 1796 748 1854 serviendum
760 1817 825 1855 esse
836 1796 935 1854 famae
947 1816 1041 1854 meae.
1072 1795 1160 1853 Belle
1239 1828 1240 1833 κ

261 1892 369 1950 adhuc.
398 1893 468 1949 Hoc
477 1893 719 1951 animadversum
728 1894 913 1951 Graecorum
921 1893 1054 1969 laudeet
1062 1892 1161 1949 multo
1239 1944 1240 1949 ,

262 2009 401 2048 sermone
422 1990 600 2046 celebratur.
644 1989 737 2069 Quod
760 1997 908 2061 superest,
931 1989 1103 2046 elaboratur
1126 1992 1161 2045 in

261 2084 357 2142 hoca
374 2105 434 2154 me,
454 2089 533 2143 sicut
554 2086 612 2142 tibi
634 2089 719 2143 sensi.
738 2085 874 2157 placere..
911 2085 973 2143 Sed
996 2084 1071 2141 haec
1093 2091 1162 2142 tum
1239 2102 1240 2105 ’

261 2181 436 2253 laudemus.
449 2201 518 2239 cum
542 2189 632 2250 erunt
654 2189 802 2253 perorata.
854 2180 981 2250 Reliqua
1000 2187 1071 2237 sunt
1095 2183 1163 2238 eius

261 2276 354 2347 modi,
371 2285 407 2334 ut
425 2297 528 2334 meum
543 2278 700 2334 consilium
720 2296 810 2348 saepe
830 2275 1063 2347 reprehendam,
1078 2276 1164 2345 quod

261 2379 323 2429 non
337 2373 438 2443 aliqua
451 2377 568 2430 ratione
581 2392 618 2430 ex
632 2373 690 2430 hoc
705 2377 830 2443 negotio
844 2375 1027 2430 emerserim.
1050 2371 1080 2429 Ο
1096 2391 1164 2429 rem

260 2473 385 2545 minime
400 2476 503 2539 aptam
516 2473 591 2526 meis
606 2468 753 2526 moribus!
776 2488 794 2525 ο
808 2467 884 2525 11111(1
895 2486 1000 2525 verum
1012 2464 1087 2536 ἔρδοι
1102 2468 1163 2529 ris!

262 2564 372 2622 Dices:
394 2550 503 2635 “Quid
516 2564 638 2622 adhuc?
659 2563 796 2622 nondum
810 2567 939 2621 enimin
954 2567 1080 2633 negotio
1095 2583 1163 2621 ver-

261 2660 363 2740 saris.”
408 2659 488 2718 Sane
503 2663 564 2717 scio
585 2667 617 2717 et
636 2666 712 2731 puto
730 2659 905 2717 molestiora
923 2665 1046 2717 restare.
1094 2657 1164 2716 Etsi
1237 2648 1238 2651 ¹

261 2756 337 2813 haec
351 2760 416 2827 ipsa
429 2755 495 2815 fero
510 2755 658 2826 equidem
666 2755 778 2825 fronte,
794 2761 829 2812 ut
843 2762 928 2827 puto,
944 2761 977 2812 et
990 2753 1075 2812 voltu
1095 2754 1164 2811 bel-

260 2852 384 2922 lissime,
395 2851 450 2910 sed
463 2871 559 2922 angor
572 2855 687 2909 intimis
702 2852 856 2919 sensibus;
874 2855 918 2908 ita
932 2849 1029 2907 multa
1039 2849 1088 2907 vel
1103 2853 1166 2906 ira-
1239 2912 1240 2915 Ἴ

261 2948 361 3006 eunde
383 2947 431 3005 vel
454 2947 622 3006 insolenter
642 2947 691 3005 vel
714 2951 747 3004 in
768 2950 851 3004 omni
874 2964 988 3017 genere
1012 2945 1166 3003 stultitiae

261 3044 374 3102 insulse
394 3044 579 3115 adrogantur
598 3051 631 3102 et
650 3044 793 3101 dicuntur
813 3051 846 3100 et
867 3049 1008 3099 tacentur
1030 3041 1168 3110 cotidie;
1239 3064 1240 3067 ¹

262 3160 340 3211 quae
365 3160 437 3211 non,
460 3160 520 3211 quo
545 3148 577 3197 te
602 3139 710 3210 celem,
735 3159 799 3196 non
823 3137 985 3210 perscribo,
1012 3137 1066 3195 sed
1091 3142 1169 3208 quia

348 3268 407 3320 358
