2526 3850
502 584 544 641 M;
568 584 695 644 TULLI
718 585 939 645 CICERONIS

422 690 723 760 EPISTULARUM
745 694 805 751 AD
827 694 1016 754 ATI'ICUM

553 799 678 859 LIBER
699 800 888 873 QUINTUS

715 993 729 1050 Ι

562 1121 666 1159 CICERO
687 1121 793 1159 mlco
814 1123 872 1160 sut.

58 1194 116 1252 ΒΜ·
129 1195 256 1253 Mentur-
312 1208 378 1280 Ego
392 1227 464 1268 vero
479 1217 512 1267 et
526 1218 613 1269 tuum
627 1215 660 1268 in
674 1211 807 1269 discessu
821 1212 883 1269 vidi
897 1216 1032 1270 animum
1050 1220 1083 1270 et
1096 1233 1167 1272 meo

56 1278 229 1432 ἕξάῃὶζῖ
269 1336 336 1374 sum
350 1320 415 1388 ipse
435 1322 530 1376 testis.
576 1317 645 1390 Quo
664 1323 760 1390 magis
780 1323 839 1377 erit
857 1321 914 1378 tibi
929 1319 1105 1391 videndum,
1125 1341 1167 1380 ne

57 1444 130 1503 Mai·
146 1466 173 1503 a·
192 1448 252 1505 703
269 1424 341 1496 quid
357 1429 427 1482 novi
441 1426 633 1497 decernatur,
648 1434 683 1484 ut
697 1427 754 1485 hoc
769 1435 906 1486 nostrum
925 1428 1110 1486 desiderium
1125 1449 1167 1488 ne

268 1532 336 1604 plus
350 1537 391 1591 sit
404 1554 546 1592 annuum.
591 1535 640 1593 De
652 1535 754 1594 Annio
765 1535 928 1595 Saturnino
938 1540 1050 1595 curasti
1060 1538 1165 1608 probe

269 1641 318 1700 De
340 1646 411 1701 satis
425 1643 527 1701 dando
545 1663 616 1701 vero
636 1651 669 1702 te
687 1663 771 1716 rogo,
790 1644 889 1716 quoad
913 1648 971 1703 eris
992 1645 1115 1716 Romae,
1130 1653 1166 1704 tu
1250 1712 1251 1725 2

268 1759 303 1809 ut
317 1755 389 1810 satis
404 1752 466 1810 des,
511 1752 552 1809 Et
562 1759 634 1810 sunt
648 1752 764 1825 aliquot
774 1753 985 1811 satisdationes
996 1753 1166 1812 secundum
1250 1728 1251 1801 ἦ

239 1938 241 1943 Ι
268 1863 452 1932 mancipium
486 1860 582 1918 veluti
618 1861 852 1918 Mennianorum
886 1861 1078 1932 praediorum
1114 1862 1165 1920 vel
1222 1915 1224 1919 ,

268 1967 478 2026 Atilianorum.
523 1968 572 2027 De
598 1969 708 2049 Oppio·
727 1968 841 2026 factum
864 1976 921 2039 est,
950 1976 986 2027 ut
1013 1969 1104 2040 volui,
1130 1978 1165 2039 et

266 2080 397 2135 maxime
422 2077 503 2148 quod
527 2075 619 2138 ffc'cf:
641 2080 794 2149 aperuisti.
840 2075 926 2148 Quae
951 2077 1075 2148 quidem
1104 2098 1165 2150 ego

267 2188 372 2257 utique
381 2185 430 2244 vel
439 2205 561 2244 versura
571 2184 652 2242 faeta
663 2185 737 2243 solvi
752 2184 830 2256 volo,
841 2204 881 2243 ne
893 2191 1030 2244 extrema
1043 2191 1164 2244 exactio

266 2298 608 2352 nostrorumnominum
623 2300 826 2365 exspectetur.
843 2296 847 2302 ’

308 2405 398 2463 Nunc
417 2410 506 2465 venio
531 2407 570 2464 ad
590 2414 794 2465 transversum
811 2405 897 2463 illum
919 2413 1074 2464 extremae
1098 2411 1162 2479 epi·
1247 2454 1248 2459 ,

265 2514 363 2572 stulae
378 2523 449 2573 tuae
464 2515 654 2585 versiculum,
665 2519 698 2572 in
708 2534 769 2586 quo
779 2495 829 2573 me
843 2513 988 2573 admones
999 2514 1038 2572 de
1049 2534 1160 2574 sorore.

266 2620 353 2693 Quae
367 2643 415 2682 res
430 2643 463 2682 se
478 2618 520 2681 sic
534 2623 636 2682 habet.
683 2624 728 2681 Ut
741 2625 811 2681 veni
826 2626 858 2679 in
873 2622 1013 2695 Arpinas,
1031 2642 1103 2681 cum
1122 2625 1162 2682 ad

265 2750 314 2789 me
324 2730 418 2789 frater
432 2735 574 2803 venisset,
586 2736 618 2789 in
629 2735 732 2803 primis
743 2731 830 2789 nobis
841 2750 940 2789 sermo
950 2733 1034 2802 isque
1046 2731 1163 2791 multus

264 2839 304 2897 de
319 2846 351 2897 te
366 2838 433 2897 fuit.
478 2840 524 2898 Ex
538 2859 598 2912 quo
613 2859 671 2912 ego
690 2843 760 2898 veni
783 2839 822 2897 ad
845 2859 891 2910 ea,
906 2858 984 2909 quae
1007 2837 1163 2899 fueramus

264 2966 323 3018 ego
337 2954 370 3005 et
388 2954 423 3005 tu
446 2952 527 3006 inter
549 2969 604 3007 nos
626 2948 666 3014 de
689 2967 789 3007 sorore
812 2951 845 3005 in
867 2946 1038 3005 Tusculano
1056 2946 1160 3006 locuti.

241 3104 243 3108 .
264 3054 350 3113 Nihil
364 3064 428 3113 tam
442 3056 504 3115 vidi
523 3061 608 3129 mite,
623 3056 701 3114 nihil
718 3063 782 3113 tam
801 3055 964 3127 placatum,
983 3074 1075 3125 quam
1094 3063 1163 3114 tum
1192 3076 1195 3079 ·

263 3184 349 3223 meus
369 3164 463 3224 frater
483 3173 549 3224 erat
567 3169 600 3224 in
623 3185 756 3224 sororem
779 3172 875 3235 tuam,
890 3170 935 3234 ut,
950 3165 1044 3221 etiam
1062 3167 1164 3234 siqua
1182 3201 1185 3207 ,

349 3272 409 3332 386
488 3268 491 3273 ’
