2498 3850
444 264 615 324 MARCUS
635 263 818 323 TULLIUS
839 262 990 321 CICERO

269 403 368 456 spero,
385 403 449 442 non
468 392 532 442 tam
551 388 635 441 exitu
655 354 888 454 molesta'quam
904 380 1169 440 aditu.·7.Vettius

268 491 332 562 ille,
346 491 399 549 ille
413 500 518 550 noster
537 491 640 562 index,
660 491 789 562 Caesari,
803 498 840 549 ut
857 493 1064 563 perspicimus,
1078 489 1170 561 polli-

268 606 347 660 citus
361 609 411 659 est
429 620 496 659 sese
515 609 699 671 curaturum,
713 609 750 659 ut
768 605 801 658 in
819 597 952 671 aliquam
964 603 1169 670 suspicionem

269 708 409 767 facinoris
424 709 514 766 Curio
529 708 606 767 filius
620 707 832 766 adduceretur.
877 707 986 778 Itaque
1002 697 1170 765 insinuavit

269 821 301 874 in
316 816 552 875 familiaritatem
566 816 770 875 adulescentis
785 824 818 874 et
832 836 902 873 curn
916 835 963 885 eo,
977 823 1013 873 ut
1026 835 1075 873 res
1088 815 1169 873 indi-

270 933 329 996 cat,
344 945 434 997 saepe
449 945 627 997 congressus
640 945 707 982 rem
720 928 753 981 in
773 944 844 981 eum
863 923 964 980 locum
978 922 1117 994 deduxit,
1132 932 1170 982 ut

269 1033 387 1093 diceret
401 1035 458 1092 sibi
472 1041 590 1091 certum
605 1052 671 1092 esse
685 1052 756 1090 cum
770 1037 831 1090 suis
841 1036 934 1090 servis
945 1036 978 1089 in
990 1030 1170 1102 Pompeium

270 1148 419 1214 impetum
444 1142 545 1200 facere
571 1160 701 1212 eumque
727 1140 873 1198 occidere.
919 1140 989 1196 Hoc
1014 1139 1105 1197 Curio
1130 1140 1172 1197 ad

270 1258 389 1323 patrem
412 1250 535 1321 detulit,
558 1250 609 1307 ille
632 1250 672 1307 ad
696 1248 881 1320 Pompeium.
928 1248 987 1305 Res
1006 1247 1109 1306 delata
1130 1250 1171 1307 ad
1215 1313 1220 1319 ,

271 1366 411 1418 senatum
427 1366 481 1417 est.
527 1358 723 1416 Introductus
739 1358 861 1416 Vettius
876 1361 974 1429 primo
988 1358 1122 1429 negabat
1137 1378 1171 1416 se
1235 1398 1236 1415 r

270 1484 415 1536 umquam
429 1485 498 1524 cum
513 1466 643 1522 Curione
658 1469 839 1535 constitisse,
853 1483 954 1535 neque
968 1464 1001 1522 id
1015 1484 1088 1522 sane
1103 1464 1172 1535 diu3

270 1593 342 1631 nam
356 1578 460 1631 statim
475 1573 567 1631 fidem
581 1573 733 1644 publicam
743 1572 915 1644 postulavit.
962 1572 1173 1631 Reclamatum

271 1682 327 1733 est.
372 1673 451 1732 Tum
474 1679 614 1746 exposuit
636 1694 760 1731 manum
783 1672 875 1730 fuisse
901 1677 1068 1731 iuventutis
1091 1672 1172 1735 duce

272 1775 413 1846 Curione,
422 1779 457 1853 in
470 1795 530 1846 qua
546 1774 655 1833 Paulus
669 1778 757 1833 initio
771 1773 879 1832 fuisset
894 1782 928 1831 et
942 1772 980 1845 Q.
994 1773 1106 1845 Caepio
1120 1773 1172 1832 hic

272 1875 385 1934 Brutus
396 1883 429 1933 et
440 1875 599 1946 Lentulus,
608 1875 735 1933 flaminis
746 1874 834 1946 filius,
846 1878 965 1932 conscio
975 1882 1076 1946 patre;
1087 1883 1172 1946 post-

272 1994 309 2033 ea
331 1974 362 2032 C.
386 1975 578 2047 Septimium,
600 1978 728 2035 scribam
751 1975 862 2046 Bibuli,
884 1980 1050 2048 pugionem
1073 1978 1131 2034 sibi
1153 1998 1173 2034 a
1234 1982 1235 2007 ¹

272 2075 382 2134 Bibulo
406 2077 553 2143 attulisse.
598 2076 690 2149 Quod
714 2085 815 2135 totum
840 2081 960 2134 irrisum
983 2085 1041 2148 est,
1065 2078 1172 2136 Vettio

272 2182 438 2250 pugionem
449 2177 592 2250 defuisse,
603 2184 661 2237 nisi
672 2184 701 2237 ei
716 2178 820 2237 consul
835 2177 980 2249 dedisset,
996 2198 1093 2249 eoque
1107 2199 1171 2236 ma-

271 2283 318 2350 gis
332 2278 365 2336 id
380 2283 512 2336 eiectum
526 2288 584 2350 est,
603 2281 684 2351 quod
705 2300 730 2338 a.
752 2280 780 2338 d.
803 2298 836 2337 111
857 2278 930 2337 Idus
950 2280 1021 2337 Mai.
1043 2278 1171 2339 Bibulus

273 2377 451 2450 Pompeium
469 2380 584 2439 fecerat
601 2387 772 2452 certiorem,
785 2388 821 2439 ut
839 2388 961 2438 caveret
978 2379 1116 2451 insidias;
1138 2385 1171 2439 in

272 2497 332 2549 quo
347 2483 376 2536 ei
392 2478 553 2552 Pompeius
566 2487 680 2554 gratias
694 2489 808 2554 egerat

272 2578 511 2640 't’lntroductus
529 2582 618 2641 Curio
636 2584 713 2642 filius
731 2582 810 2641 dixit
828 2581 867 2640 ad
886 2603 932 2653 ea,
951 2601 1029 2653 quae
1047 2529 1171 2641 Vettius

272 2681 400 2752 dixerat,
419 2688 611 2755 maximeque
632 2690 665 2742 in
687 2704 723 2742 eo
745 2692 812 2742 tum
833 2683 957 2754 quidem
979 2683 1101 2743 Vettius
1123 2693 1171 2743 est

271 2781 483 2855 reprehensus,
508 2785 589 2856 quod
614 2785 733 2843 dixerat
755 2784 787 2842 id
812 2783 904 2842 fuisse
927 2784 1171 2842 adulescentium

271 2883 439 2955 consilium,
454 2893 490 2943 ut
504 2890 536 2943 in
553 2885 619 2944 foro
632 2886 849 2958 gladiatoribus
865 2885 977 2943 Gabini
993 2884 1171 2957 Pompeium

271 2981 475 3055 adorirentur;
496 2991 527 3044 in
551 3007 588 3045 eo
607 2992 776 3059 principem
801 2986 928 3044 Paulum
953 2986 1056 3056 fuisse,
1078 3005 1170 3057 quem

218 3112 235 3153 u
272 3086 430 3142 constabat
441 3106 477 3144 eo
488 3095 626 3159 tempore
641 3093 673 3145 in
689 3087 869 3145 Macedonia
883 3088 984 3146 fuisse.
1023 3087 1073 3145 Fit
1083 3106 1171 3144 sena-

347 3186 404 3238 188
