2484 3854
435 323 605 383 MARCUS
625 319 809 399 TULLIUS
831 314 981 382 CICERO

259 452 363 522 poium
377 446 490 505 adduxi
509 450 541 502 in
561 465 628 503 eam
644 443 842 516 voluntatem,
859 453 894 502 ut
916 450 948 502 in
968 453 1075 503 senatu
1095 466 1159 504 non

262 549 366 619 semel,
378 547 432 606 sed
447 567 536 618 saepe
547 546 711 617 multisque
723 548 822 603 verbis
835 546 925 603 huius
939 546 1014 604 mihi
1029 548 1159 604 salutem

262 654 381 722 imperii
400 657 492 720 atque
512 648 591 741 orbis
610 655 758 704 terrarum
777 647 972 716 adiudicarit3
994 648 1074 718 quod
1096 669 1159 733 non

161 790 164 794 ι
191 742 197 759 '
263 760 327 809 tam
341 750 482 808 interfuit
501 732 569 806 mea
590 736 704 819 (neque
720 752 802 806 enim
815 749 886 806 illae
901 769 948 807 res
963 758 1016 807 aut
1030 754 1073 807 ita
1088 729 1160 817 sunt

263 855 416 922 obscurae,
436 860 471 909 ut
491 854 708 921 testimonium,
723 858 777 908 aut
795 855 839 907 ita
858 851 978 921 dubiae,
999 858 1034 908 ut
1055 851 1159 909 lauda-

262 959 378 1013 tionem
401 940 590 1021 desiderent)
615 972 705 1023 quam
728 955 773 1010 rei
795 952 944 1023 publicae,
967 953 1048 1024 quod
1072 961 1161 1010 erant

262 1055 385 1128 quidam
399 1055 537 1126 improbi,
548 1059 599 1125 qui
614 1058 843 1111 contentionem
858 1052 922 1111 fore
937 1054 1069 1126 aliquam
1084 1054 1160 1111 mihi

263 1178 332 1215 cum
353 1157 496 1229 Pompeio
511 1177 548 1213 ex
568 1176 669 1214 rerum
688 1155 807 1213 illarum
826 1137 1018 1214 dissensione
1032 1142 1160 1214 ‘arbitra-

263 1266 376 1317 rentur.
421 1258 498 1316 Cum
519 1257 576 1315 hoc
597 1277 654 1328 ego
673 1277 723 1314 me
743 1265 830 1314 tanta
850 1256 1054 1315 familiaritate
1078 1263 1161 1315 coni-

262 1364 346 1429 unxi,
361 1366 397 1416 ut
416 1367 545 1432 uterque
560 1366 696 1416 nostrum
717 1363 750 1415 in
769 1378 822 1415 sua
836 1362 954 1416 ratione
968 1363 1113 1416 munitior
1128 1367 1162 1417 et
1230 1416 1240 1435 Ἴ

264 1465 296 1517 11
316 1480 349 1518 11
372 1460 492 1531 publica
515 1459 626 1517 firmior
649 1459 705 1516 hac
729 1463 942 1518 coniunctione
968 1480 1033 1518 esse
1056 1465 1159 1532 possit.

227 1562 345 1621 Odia
366 1570 469 1619 autem
488 1561 540 1618 illa
560 1560 738 1619 libidinosae
760 1568 792 1618 et
813 1561 961 1619 delicatae
984 1566 1161 1634 iuventutiS,

255 1683 341 1734 ‘quae
357 1671 444 1720 erant
458 1667 491 1719 iu
504 1682 555 1719 me
568 1665 703 1730 incitata,
719 1666 761 1719 sic
776 1666 915 1732 mitigata
930 1671 1002 1721 sunt
1017 1668 1162 1721 comitate

265 1759 394 1831 quadam
416 1778 494 1829 mea,
509 1778 559 1816 me
578 1756 674 1817 unum
695 1765 730 1814 ut
752 1777 856 1816 omnes
878 1757 922 1815 illi
944 1759 1063 1828 colant3
1084 1760 1162 1826 nihil

185 1838 228 1910 ss
264 1859 324 1912 iam
349 1854 482 1924 denique
505 1874 523 1910 a
545 1873 595 1910 me
617 1873 757 1924 asperum
780 1857 812 1909 in
836 1873 1018 1924 quemquam
1044 1855 1079 1911 lit
1104 1875 1162 1913 nec

264 1957 368 2007 tamen
380 1954 540 2020 quicquam
554 1949 698 2020 populare
709 1969 743 2005 ac
756 1934 945 2020 dissolutum,
957 1950 1011 2007 sed
1026 1954 1069 2008 ita
1083 1959 1162 2008 tem-

265 2053 370 2118 perata
394 2053 460 2104 tota
484 2049 560 2102 ratio
586 2053 642 2116 est,
666 2053 701 2102 ut
725 2049 770 2102 rei
795 2045 934 2116 publicae
960 2052 1162 2104 constantiam

264 2150 426 2214 praestem,
440 2133 573 2213 ’privatis
596 2145 671 2199 meis
694 2143 783 2198 rebus
806 2148 930 2213 propter
953 2142 1161 2201 infirmitatem

265 2239 422 2309 bonorum,
448 2242 641 2309 iniquitatem
669 2237 893 2307 malevolorum,
919 2222 1026 2295 1111111
1051 2243 1083 2296 11
1111 2259 1162 2297 me

264 2335 470 2404 improborum
487 2332 649 2390 adhibeam
668 2332 819 2403 quandam
839 2337 1011 2391 cautionem
1037 2342 1070 2392 et
1093 2334 1162 2392 dili-

259 2433 402 2501 gentiam
415 2437 508 2499 atque
522 2433 575 2499 ita,
590 2433 712 2486 tametsi
732 2428 779 2485 his
799 2433 883 2486 novis
903 2433 1041 2487 amicitiis
1061 2430 1162 2501 impli-

267 2527 327 2581 cati
338 2543 450 2593 sumus
460 2531 494 2580 ut
506 2525 611 2581 crebro
625 2523 700 2580 mihi
711 2523 795 2581 vafer
805 2524 857 2581 ille
869 2525 986 2583 Siculus
995 2529 1164 2587 insusurret
1176 2520 1181 2529 Χ

268 2618 464 2699 Epicharmus
479 2618 662 2676 cantilenam
676 2618 759 2676 illam
773 2640 873 2677 suam:

290 2753 375 2823 Νᾶφε
389 2752 439 2810 καὶ
452 2752 571 2825 μέμνασ’
587 2753 731 2812 ἀπιστεῖν·
745 2754 837 2825 ἄρθρα
851 2779 941 2813 ταυτα
955 2755 1008 2813 τᾶν
1018 2755 1139 2826 φρενῶν.
1239 2768 1240 2803 l

267 2879 313 2937 Ac
328 2888 448 2937 nostrae
469 2879 608 2950 quidem
605 2884 734 2937 rationis
753 2901 788 2937 ac
803 2885 883 2957 vitae
904 2885 987 2952 quasi
1009 2881 1163 2984 quandam
1239 2950 1240 2953 Ἰ

267 2975 403 3046 formam,
418 2983 470 3063 11
467 2979 583 3048 opinor,
598 2975 690 3034 vides.

260 3072 275 3146 ἶ
309 3070 358 3129 Ι)1
378 3054 437 3128 tuo
448 3069 552 3128 autem
570 3076 704 3142 negotio
714 3065 805 3153 saepe
824 3073 864 3130 ad
884 3065 945 3153 me
949 3073 1080 3151 scribis
1087 3034 1164 3153 Cui

265 3167 381 3245 mederi
393 3185 482 3242 nunc
496 3180 558 3226 nun
577 3183 754 3241 possumus}
772 3176 819 3226 est
839 3172 921 3226 enim
934 3146 1025 3235 illud
1036 3144 1163 3252 senatus

349 3269 389 3322 88
