2494 3854
425 283 595 343 MARCUS
615 282 799 343 TULLIUS
821 281 972 340 CICERO

250 411 362 465 civium
377 406 595 491 Romanorum
610 405 799 463 frumentum
814 424 853 461 ex
863 407 943 474 agris
957 407 990 461 in
998 403 1066 460 loca
1078 409 1148 459 tuta

249 521 464 587 comportatur.
501 513 535 573 Si
549 513 643 572 fuerit
656 518 782 584 occasio,
796 533 899 584 manu,
914 516 939 570 si
952 516 1063 581 minus,
1073 510 1147 567 locis

249 641 305 680 nos
332 620 544 681 defendemus.
596 620 699 693 Quare
728 621 808 678 bono
835 624 937 678 animo
964 639 1005 677 es.
1049 618 1148 676 Video
1239 604 1242 613 ¹

249 734 333 790 enim
351 737 384 790 te
404 737 447 801 et,
461 734 548 802 quasi
566 750 667 787 coram
685 729 776 800 adsiS,
795 733 839 787 ita
858 748 950 786 cerno
967 725 1148 799 συμπάθειαν

250 841 359 897 amoris
373 842 428 897 tui.
472 837 535 897 Sed
549 845 582 897 te
596 842 717 909 rogo,si
731 837 795 895 ullo
808 844 898 909 paeto
912 836 978 893 fieri
988 837 1111 907 poterit,
1123 837 1149 891 si

250 951 372 1019 integra
384 950 417 1004 in
427 954 537 1030 senatu
548 953 651 1004 nostra
662 965 752 1003 causa
760 945 801 1003 ad
816 944 883 1002 Kal
897 943 1050 1002 Ianuarias
1062 962 1149 999 man-

251 1058 336 1126 serit,
350 1062 385 1112 ut
406 1054 519 1113 Romae
533 1057 573 1112 sis
593 1073 699 1112 mense
720 1053 866 1112 Ianuario.
912 1051 1052 1110 Profecto
1071 1048 1149 1108 nihil

252 1167 397 1236 accipiam
412 1167 550 1234 iniuriae,
564 1166 639 1221 situ
652 1162 760 1224 aderis.
805 1162 928 1220 Amicos
943 1160 1081 1218 consules
1095 1157 1150 1216 ha·

253 1272 369 1343 bemus,
384 1277 523 1358 nostrum
536 1271 694 1329 tribunum
710 1270 751 1343 pl.
769 1270 923 1328 Furnium
966 1269 1082 1325 Verum
1096 1273 1151 1325 tua

252 1388 300 1439 est
314 1399 390 1453 opus
406 1379 600 1451 adsiduitate,
616 1371 789 1452 prudentia,
804 1382 909 1450 gratia
954 1377 1088 1448 Tempus
1103 1382 1152 1435 est

253 1493 464 1548 necessarium.
509 1488 571 1547 Sed
582 1496 671 1560 turpe
683 1496 731 1547 est
741 1509 791 1547 me
802 1488 938 1561 pluribus
948 1487 1048 1545 verbis
1058 1505 1151 1557 agere

251 1605 363 1656 tecum.

297 1706 457 1764 Cicerones
471 1709 568 1763 nostri
582 1713 654 1763 sunt
664 1704 747 1778 apud
761 1704 951 1776 Deiotarum,
960 1703 1025 1775 sed,
1036 1708 1062 1761 si
1076 1723 1153 1775 opus

254 1817 323 1885 erit,
332 1812 525 1872 deducentur
541 1813 689 1871 Rhodum.
734 1813 790 1884 Tu,
800 1818 825 1870 si
836 1832 869 1871 es
885 1812 1007 1884 Romae,
1017 1821 1053 1870 ut
1063 1811 1153 1883 soles,

255 1920 498 1991 diligentissime,
517 1925 541 1977 si
563 1924 595 1977 in
617 1920 719 1993 Epiro,
737 1925 828 1979 mitte
849 1928 954 1979 tamen
974 1920 1014 1979 ad
1035 1940 1091 1979 nos
1112 1920 1153 1979 de
1240 1968 1241 1971 ,

255 2030 317 2085 tuis
331 2027 465 2099 aliquem
479 2028 682 2099 tabellarium,
697 2036 733 2087 ut
750 2037 784 2086 et
800 2036 845 2100 tu,
860 2029 934 2100 quid
948 2048 1003 2086 nos
1016 2048 1153 2100 agamus,

256 2147 289 2199 et
303 2159 368 2212 nos,
383 2140 457 2211 quid
472 2147 507 2198 tu
527 2160 599 2211 agas
613 2141 748 2212 quidque
762 2149 883 2199 acturus
898 2144 948 2213 sis,
962 2146 1038 2199 scire
1059 2147 1153 2213 possi-

258 2267 334 2307 mus,
379 2248 446 2320 Ego
460 2252 506 2306 tui
524 2248 612 2306 Bruti
629 2268 694 2306 rem
712 2254 754 2307 sic
771 2269 839 2320 ago,
854 2256 889 2307 ut
906 2268 991 2308 suam
1008 2254 1073 2322 ipse
1091 2269 1155 2308 non

256 2364 371 2427 ageret.
416 2355 479 2414 Sed
495 2360 555 2413 iam
573 2356 703 2414 exhibeo
721 2355 871 2429 pupillum
888 2376 988 2428 neque
1003 2356 1155 2427 defend03

257 2470 330 2522 suni
345 2468 427 2522 enim
442 2468 566 2534 negotia
580 2471 613 2521 et
627 2464 713 2523 lenta
727 2472 760 2522 et
770 2468 879 2522 inania.
917 2464 1038 2522 Faciam
1048 2471 1155 2523 tamen

257 2576 329 2630 satis
349 2573 406 2630 tibi
426 2572 561 2644 quidem,
581 2576 631 2630 cui
650 2572 798 2631 difficilius
821 2580 869 2631 est
889 2592 979 2644 quam
998 2577 1071 2645 ipsi3
1098 2573 1155 2631 sed

256 2686 340 2738 certe
354 2679 550 2738 satisfaciam
564 2684 693 2752 utrique.
