2484 3854
403 274 405 280 ‘
436 289 606 349 Marcus
627 288 810 349 ruamus
832 288 982 349 crcuao

302 410 450 468 Favonius
464 430 563 467 meam
574 412 688 468 tribum
698 409 770 468 tulit
784 410 942 469 honestius
956 430 1047 482 quam
1062 431 1152 483 suam,

261 518 372 576 Luccei
398 517 539 590 perdidit.
585 519 747 594 Accusavit
769 518 911 577 Nasicam
935 518 1097 578 inhoneste
1119 539 1152 577 ac

259 604 396 685 modeste
411 635 523 685 tamen.
569 627 655 684 Dixit
670 631 722 698 ita,
734 634 769 684 ut
785 627 883 685 Rhodi
899 627 1053 686 videretur
1067 627 1151 685 molis

259 739 359 806 potius
374 755 464 806 quam
479 735 595 792 Moloni
610 753 733 806 operam
748 734 875 793 dedisse.
901 735 988 807 Mihi,
1004 736 1085 807 quod
1102 735 1153 794 de-

259 841 433 913 fendissem,
459 843 567 900 leviter
596 846 772 900 suscensuit.
826 844 916 899 Nunc
944 850 1048 901 tamen
1076 847 1155 915 petit

217 933 219 937 ¹
259 955 370 1008 iterum
385 955 429 1007 rei
443 950 582 1022 publicae
597 970 692 1008 causa.
738 950 885 1008 Lucceius
900 951 973 1022 quid
988 959 1070 1022 agat,
1085 955 1154 1009 scri-

259 1061 327 1117 bam
350 1059 390 1117 ad
410 1067 453 1130 te,
469 1080 537 1116 cum
559 1060 717 1117 Caesarem
732 1058 846 1130 videro,
861 1063 912 1130 qui
934 1059 1032 1117 aderit
1053 1059 1152 1117 biduo.

260 1167 351 1239 Quod
372 1168 504 1239 Sicyonii
523 1175 556 1225 te
576 1167 713 1238 laedunt,
729 1168 836 1225 Catoni
851 1175 884 1225 et
899 1172 963 1225 eius
977 1169 1154 1226 aemulatori

259 1277 399 1334 attribuis
421 1275 554 1334 Servilio.
593 1274 695 1346 Quid?
718 1296 753 1333 ea
768 1276 857 1347 plaga
871 1296 973 1334 nonne
988 1276 1026 1334 ad
1044 1276 1156 1335 multos
1195 1355 1202 1361 .

259 1385 353 1442 bonos
368 1389 445 1441 viros
466 1384 620 1455 pertinet?
664 1383 735 1455 Sed,
750 1387 775 1441 si
789 1388 832 1441 ita
849 1384 973 1456 placuit,
988 1384 1155 1457 laudemus

259 1490 371 1549 deinde
386 1495 418 1547 in
433 1491 663 1549 discessionibus
677 1490 732 1549 soli
746 1491 959 1563 relinquamur.

301 1599 464 1658 Amalthea
477 1619 545 1657 mea
559 1608 592 1658 te
608 1608 765 1671 exspectat
780 1607 812 1657 et
826 1599 946 1671 indiget
960 1605 1014 1658 tui.
1041 1600 1156 1659 Tuscu·
1227 1626 1228 1645 ι

258 1708 362 1766 lanum
377 1716 409 1766 et
425 1688 642 1779 Pompeianum
653 1707 740 1765 valde
755 1726 805 1765 me
820 1707 986 1780 delectant,
1002 1712 1059 1767 nisi
1074 1709 1156 1780 quod

258 1836 318 1887 me,
343 1815 429 1873 illum
459 1819 558 1886 ipsum
583 1815 734 1872 vindicem
762 1819 839 1873 aeris
868 1815 969 1887 alieni,
994 1835 1064 1874 aere
1093 1836 1156 1875 non

257 1923 424 1994 Corinthi0,
435 1922 489 1982 sed
497 1922 555 1980 hoc
564 1923 802 1981 circumforaneo
810 1925 985 1982 obruerunt.
1010 1924 1047 1981 In
1057 1924 1157 1983 Gallia

258 2051 412 2103 speramus
427 2050 492 2089 esse
507 2035 611 2089 otium.
646 2031 841 2106 Prognostica
854 2051 924 2089 mea
937 2052 1007 2090 cum
1021 2036 1156 2090 oratiun-

259 2140 333 2199 culis
347 2160 441 2212 prope
456 2139 538 2198 diem
553 2147 696 2211 exspecta
711 2148 743 2198 et
762 2148 876 2211 tamen,
892 2140 966 2212 quid
985 2144 1100 2211 cogites
1116 2141 1156 2199 de

151 2313 154 2321 ‚
258 2249 391 2308 adventu
411 2257 475 2318 tuo,
494 2248 590 2306 scribe
615 2247 654 2304 ad
676 2267 739 2306 nos
785 2248 864 2305 Nam
889 2248 964 2306 mihi
991 2249 1157 2320 Pomponia

257 2360 390 2415 nuntiari
405 2360 491 2414 iussit
508 2364 541 2414 te
555 2375 660 2413 mense
676 2355 807 2427 Quintili
828 2356 940 2438 Romae
960 2356 1032 2414 fore.
1053 2348 1055 2352 ¹
1080 2356 1117 2415 ld
1138 2378 1157 2415 a

258 2469 318 2523 tuis
339 2464 460 2534 litteris
475 2484 548 2535 quas
570 2462 609 2522 ad
630 2483 679 2521 me
702 2463 740 2521 de
761 2484 853 2523 censu
872 2472 927 2522 tuo
946 2468 1079 2535 miseras,
1093 2464 1157 2523 dis-

259 2574 409 2645 crepabat.

301 2681 421 2753 Paetus,
436 2689 471 2739 ut
485 2688 576 2738 antea
594 2679 634 2738 ad
656 2687 689 2738 te
709 2675 822 2752 scripsi,
838 2699 942 2739 omnes
962 2680 1062 2752 libros,
1080 2701 1158 2753 quos

258 2790 353 2848 frater
381 2809 451 2849 suus
479 2788 661 2861 reliquisset,
690 2788 765 2848 mihi
795 2788 926 2847 donavit.
973 2789 1043 2847 Hoc
1071 2789 1156 2849 illius

257 2918 367 2957 munus
388 2903 420 2956 in
441 2906 495 2957 tua
516 2897 676 2969 diligentia
696 2902 829 2970 positum
850 2905 905 2957 est.
950 2897 982 2958 Si
997 2917 1047 2956 me
1062 2918 1158 2971 amas,

258 3027 339 3078 cura,
349 3015 385 3065 ut
399 3012 616 3064 conserventur
626 3012 659 3063 et
673 3003 712 3063 ad
726 3024 776 3063 me
788 3004 995 3077 perferantur;
1009 3005 1067 3063 hoc
1078 3006 1158 3064 mihi
1228 3020 1229 3029 ¹

258 3115 334 3172 nihil
349 3123 451 3187 potest
466 3133 532 3172 esse
546 3117 669 3184 gratius.
715 3112 756 3171 Et
771 3133 839 3171 cum
855 3113 986 3172 Graecos
1000 3121 1067 3171 tum
1083 3133 1159 3172 vero

346 3243 403 3295 110
437 3267 439 3270 ⁴
