<?xml version="1.0" encoding="UTF-8"?>
<!DOCTYPE html PUBLIC "-//W3C//DTD XHTML 1.0 Transitional//EN"
    "http://www.w3.org/TR/xhtml1/DTD/xhtml1-transitional.dtd">
<html xmlns="http://www.w3.org/1999/xhtml" xml:lang="en" lang="en">
 <head>
  <title>
</title>
<meta http-equiv="Content-Type" content="text/html;charset=utf-8" />
  <meta name='ocr-system' content='tesseract 3.04.00' />
  <meta name='ocr-capabilities' content='ocr_page ocr_carea ocr_par ocr_line ocrx_word'/>
</head>
<body>
  <div class='ocr_page' id='page_1' title='image "./letterstoatticu00winsgoog_0171.png"; bbox 0 0 2484 3854; ppageno 0'>
   <div class='ocr_carea' id='block_1_1' title="bbox 443 314 988 376">
    <p class='ocr_par' dir='ltr' id='par_1_1' title="bbox 443 314 988 376">
     <span class='ocr_line' id='line_1_1' title="bbox 443 314 988 376; baseline -0.006 -1"><span class='ocrx_word' id='word_1_1' title='bbox 443 317 612 376; x_wconf 86' lang='lat' dir='ltr'>MARCUS</span> <span class='ocrx_word' id='word_1_2' title='bbox 634 316 816 376; x_wconf 90' lang='lat' dir='ltr'>TULLIUS</span> <span class='ocrx_word' id='word_1_3' title='bbox 838 314 988 374; x_wconf 86' lang='lat' dir='ltr'>CICERO</span> 
     </span>
    </p>
   </div>
   <div class='ocr_carea' id='block_1_2' title="bbox 267 443 1165 518">
    <p class='ocr_par' dir='ltr' id='par_1_2' title="bbox 267 443 1165 518">
     <span class='ocr_line' id='line_1_2' title="bbox 267 443 1165 518; baseline -0.001 -16"><span class='ocrx_word' id='word_1_4' title='bbox 267 445 342 504; x_wconf 89' lang='lat' dir='ltr'><strong>haec</strong></span> <span class='ocrx_word' id='word_1_5' title='bbox 367 443 520 518; x_wconf 79' lang='grc' dir='ltr'>ἐσοφίζετο,</span> <span class='ocrx_word' id='word_1_6' title='bbox 544 465 576 504; x_wconf 90' lang='lat' dir='ltr'><strong>se</strong></span> <span class='ocrx_word' id='word_1_7' title='bbox 598 445 684 516; x_wconf 80' lang='lat' dir='ltr'><strong>leges</strong></span> <span class='ocrx_word' id='word_1_8' title='bbox 710 445 843 503; x_wconf 82' lang='lat' dir='ltr'>Caesaris</span> <span class='ocrx_word' id='word_1_9' title='bbox 868 444 1005 515; x_wconf 86' lang='lat' dir='ltr'><strong>probare,</strong></span> <span class='ocrx_word' id='word_1_10' title='bbox 1028 446 1165 501; x_wconf 87' lang='lat' dir='ltr'><strong>actiones</strong></span> 
     </span>
    </p>
   </div>
   <div class='ocr_carea' id='block_1_3' title="bbox 174 538 1164 626">
    <p class='ocr_par' dir='ltr' id='par_1_3' title="bbox 174 538 1164 626">
     <span class='ocr_line' id='line_1_3' title="bbox 174 538 1164 626; baseline -0.001 -17"><span class='ocrx_word' id='word_1_11' title='bbox 174 538 180 548; x_wconf 57' lang='grc'>’</span> <span class='ocrx_word' id='word_1_12' title='bbox 265 557 365 625; x_wconf 92' lang='lat' dir='ltr'><strong>ipsum</strong></span> <span class='ocrx_word' id='word_1_13' title='bbox 382 562 536 626; x_wconf 87' lang='lat' dir='ltr'><strong>praestare</strong></span> <span class='ocrx_word' id='word_1_14' title='bbox 554 553 684 622; x_wconf 89' lang='lat' dir='ltr'><strong>debere;</strong></span> <span class='ocrx_word' id='word_1_15' title='bbox 703 557 850 625; x_wconf 79' lang='lat' dir='ltr'><strong>agrariam</strong></span> <span class='ocrx_word' id='word_1_16' title='bbox 866 552 969 623; x_wconf 82' lang='lat' dir='ltr'><strong>legem</strong></span> <span class='ocrx_word' id='word_1_17' title='bbox 986 552 1043 609; x_wconf 89' lang='lat' dir='ltr'>sibi</span> <span class='ocrx_word' id='word_1_18' title='bbox 1060 552 1164 622; x_wconf 91' lang='lat' dir='ltr'><strong>placu-</strong></span> 
     </span>
    </p>
   </div>
   <div class='ocr_carea' id='block_1_4' title="bbox 264 660 1164 1168">
    <p class='ocr_par' dir='ltr' id='par_1_4' title="bbox 264 660 1164 1168">
     <span class='ocr_line' id='line_1_4' title="bbox 266 660 1164 734; baseline -0.002 -14"><span class='ocrx_word' id='word_1_19' title='bbox 266 666 335 734; x_wconf 86' lang='lat' dir='ltr'>isse,</span> <span class='ocrx_word' id='word_1_20' title='bbox 349 667 484 734; x_wconf 86' lang='lat' dir='ltr'><strong>potuerit</strong></span> <span class='ocrx_word' id='word_1_21' title='bbox 502 662 651 720; x_wconf 83' lang='lat' dir='ltr'><strong>intercedi</strong></span> <span class='ocrx_word' id='word_1_22' title='bbox 668 682 777 731; x_wconf 88' lang='lat' dir='ltr'><strong>necne,</strong></span> <span class='ocrx_word' id='word_1_23' title='bbox 791 660 868 717; x_wconf 91' lang='lat' dir='ltr'><strong>nihil</strong></span> <span class='ocrx_word' id='word_1_24' title='bbox 885 660 925 718; x_wconf 90' lang='lat' dir='ltr'><strong>ad</strong></span> <span class='ocrx_word' id='word_1_25' title='bbox 942 680 975 718; x_wconf 90' lang='lat' dir='ltr'><strong>se</strong></span> <span class='ocrx_word' id='word_1_26' title='bbox 992 663 1164 731; x_wconf 86' lang='lat' dir='ltr'><strong>pertinere;</strong></span> 
     </span>
     <span class='ocr_line' id='line_1_5' title="bbox 265 746 1163 843; baseline -0.004 -15"><span class='ocrx_word' id='word_1_27' title='bbox 265 771 305 829; x_wconf 90' lang='lat' dir='ltr'><strong>de</strong></span> <span class='ocrx_word' id='word_1_28' title='bbox 319 791 392 843; x_wconf 84' lang='lat' dir='ltr'><strong>rege</strong></span> <span class='ocrx_word' id='word_1_29' title='bbox 408 770 616 829; x_wconf 87' lang='lat' dir='ltr'><strong>Alexandrino</strong></span> <span class='ocrx_word' id='word_1_30' title='bbox 630 746 778 842; x_wconf 87' lang='lat' dir='ltr'><strong>placuisse</strong></span> <span class='ocrx_word' id='word_1_31' title='bbox 793 770 850 827; x_wconf 91' lang='lat' dir='ltr'><strong>sibi</strong></span> <span class='ocrx_word' id='word_1_32' title='bbox 866 768 1029 840; x_wconf 88' lang='lat' dir='ltr'><strong>aliquando</strong></span> <span class='ocrx_word' id='word_1_33' title='bbox 1045 768 1163 840; x_wconf 89' lang='lat' dir='ltr'><strong>confici,</strong></span> 
     </span>
     <span class='ocr_line' id='line_1_6' title="bbox 266 874 1164 948; baseline -0.002 -13"><span class='ocrx_word' id='word_1_34' title='bbox 266 874 391 937; x_wconf 90' lang='lat' dir='ltr'><strong>Bibulus</strong></span> <span class='ocrx_word' id='word_1_35' title='bbox 405 879 445 938; x_wconf 89' lang='lat' dir='ltr'><strong>de</strong></span> <span class='ocrx_word' id='word_1_36' title='bbox 464 878 547 936; x_wconf 89' lang='lat' dir='ltr'><strong>caelo</strong></span> <span class='ocrx_word' id='word_1_37' title='bbox 565 887 632 936; x_wconf 87' lang='lat' dir='ltr'><strong>tum</strong></span> <span class='ocrx_word' id='word_1_38' title='bbox 649 886 797 943; x_wconf 87' lang='lat' dir='ltr'><strong>servasset</strong></span> <span class='ocrx_word' id='word_1_39' title='bbox 813 897 923 948; x_wconf 88' lang='lat' dir='ltr'><strong>necne,</strong></span> <span class='ocrx_word' id='word_1_40' title='bbox 940 877 997 934; x_wconf 90' lang='lat' dir='ltr'><strong>sibi</strong></span> <span class='ocrx_word' id='word_1_41' title='bbox 1015 896 1164 947; x_wconf 88' lang='lat' dir='ltr'><strong>quaeren-</strong></span> 
     </span>
     <span class='ocr_line' id='line_1_7' title="bbox 265 985 1164 1059; baseline -0.001 -15"><span class='ocrx_word' id='word_1_42' title='bbox 265 987 339 1045; x_wconf 90' lang='lat' dir='ltr'><strong>dum</strong></span> <span class='ocrx_word' id='word_1_43' title='bbox 353 1009 415 1046; x_wconf 91' lang='lat' dir='ltr'><strong>nou</strong></span> <span class='ocrx_word' id='word_1_44' title='bbox 432 987 540 1056; x_wconf 83' lang='lat' dir='ltr'><strong>fuisse3</strong></span> <span class='ocrx_word' id='word_1_45' title='bbox 560 987 599 1046; x_wconf 91' lang='lat' dir='ltr'><strong>de</strong></span> <span class='ocrx_word' id='word_1_46' title='bbox 617 987 785 1059; x_wconf 83' lang='lat' dir='ltr'><strong>publicanis</strong></span> <span class='ocrx_word' id='word_1_47' title='bbox 804 986 932 1044; x_wconf 88' lang='lat' dir='ltr'><strong>voluisse</strong></span> <span class='ocrx_word' id='word_1_48' title='bbox 952 1006 984 1043; x_wconf 90' lang='lat' dir='ltr'><strong>se</strong></span> <span class='ocrx_word' id='word_1_49' title='bbox 1002 985 1046 1042; x_wconf 95' lang='lat' dir='ltr'><strong>illi</strong></span> <span class='ocrx_word' id='word_1_50' title='bbox 1064 986 1164 1043; x_wconf 89' lang='lat' dir='ltr'><strong>ordini</strong></span> 
     </span>
     <span class='ocr_line' id='line_1_8' title="bbox 264 1093 1164 1168; baseline -0.002 -14"><span class='ocrx_word' id='word_1_51' title='bbox 264 1097 466 1168; x_wconf 90' lang='lat' dir='ltr'><strong>commodare,</strong></span> <span class='ocrx_word' id='word_1_52' title='bbox 486 1097 559 1167; x_wconf 91' lang='lat' dir='ltr'><strong>quid</strong></span> <span class='ocrx_word' id='word_1_53' title='bbox 580 1095 717 1154; x_wconf 86' lang='lat' dir='ltr'><strong>futurum</strong></span> <span class='ocrx_word' id='word_1_54' title='bbox 734 1094 837 1165; x_wconf 86' lang='lat' dir='ltr'><strong>fuerit,</strong></span> <span class='ocrx_word' id='word_1_55' title='bbox 856 1098 881 1152; x_wconf 93' lang='lat' dir='ltr'><strong>si</strong></span> <span class='ocrx_word' id='word_1_56' title='bbox 901 1093 1026 1152; x_wconf 91' lang='lat' dir='ltr'><strong>Bibulus</strong></span> <span class='ocrx_word' id='word_1_57' title='bbox 1043 1101 1110 1151; x_wconf 89' lang='lat' dir='ltr'><strong>tum</strong></span> <span class='ocrx_word' id='word_1_58' title='bbox 1130 1098 1164 1153; x_wconf 91' lang='lat' dir='ltr'><strong>in</strong></span> 
     </span>
    </p>
   </div>
   <div class='ocr_carea' id='block_1_5' title="bbox 265 1215 1165 1397">
    <p class='ocr_par' dir='ltr' id='par_1_5' title="bbox 265 1215 1165 1397">
     <span class='ocr_line' id='line_1_9' title="bbox 265 1215 1165 1291; baseline 0 -17"><span class='ocrx_word' id='word_1_59' title='bbox 265 1216 364 1275; x_wconf 88' lang='lat' dir='ltr'><strong>forum</strong></span> <span class='ocrx_word' id='word_1_60' title='bbox 379 1218 599 1291; x_wconf 83' lang='lat' dir='ltr'><strong>descendisset,</strong></span> <span class='ocrx_word' id='word_1_61' title='bbox 612 1236 645 1274; x_wconf 89' lang='lat' dir='ltr'><strong>se</strong></span> <span class='ocrx_word' id='word_1_62' title='bbox 659 1216 793 1274; x_wconf 87' lang='lat' dir='ltr'><strong>divinare</strong></span> <span class='ocrx_word' id='word_1_63' title='bbox 808 1234 871 1271; x_wconf 92' lang='lat' dir='ltr'><strong>non</strong></span> <span class='ocrx_word' id='word_1_64' title='bbox 884 1218 1026 1286; x_wconf 88' lang='lat' dir='ltr'><strong>potuisse.</strong></span> <span class='ocrx_word' id='word_1_65' title='bbox 1072 1215 1165 1274; x_wconf 91' lang='lat' dir='ltr'><strong>Nunc</strong></span> 
     </span>
     <span class='ocr_line' id='line_1_10' title="bbox 266 1323 1163 1397; baseline 0 -16"><span class='ocrx_word' id='word_1_66' title='bbox 266 1345 346 1396; x_wconf 89' lang='lat' dir='ltr'><strong>vero,</strong></span> <span class='ocrx_word' id='word_1_67' title='bbox 362 1325 610 1397; x_wconf 87' lang='lat' dir='ltr'><strong>Sampsicerame,</strong></span> <span class='ocrx_word' id='word_1_68' title='bbox 625 1324 699 1396; x_wconf 89' lang='lat' dir='ltr'><strong>quid</strong></span> <span class='ocrx_word' id='word_1_69' title='bbox 713 1324 815 1382; x_wconf 82' lang='lat' dir='ltr'><strong>dices?</strong></span> <span class='ocrx_word' id='word_1_70' title='bbox 832 1323 963 1394; x_wconf 80' lang='lat' dir='ltr'><strong>vectigal</strong></span> <span class='ocrx_word' id='word_1_71' title='bbox 980 1330 1013 1381; x_wconf 87' lang='lat' dir='ltr'><strong>te</strong></span> <span class='ocrx_word' id='word_1_72' title='bbox 1028 1324 1116 1381; x_wconf 91' lang='lat' dir='ltr'><strong>nobis</strong></span> <span class='ocrx_word' id='word_1_73' title='bbox 1130 1329 1163 1381; x_wconf 96' lang='lat' dir='ltr'><strong>in</strong></span> 
     </span>
    </p>
   </div>
   <div class='ocr_carea' id='block_1_6' title="bbox 265 1398 1241 1502">
    <p class='ocr_par' dir='ltr' id='par_1_6' title="bbox 265 1398 1241 1502">
     <span class='ocr_line' id='line_1_11' title="bbox 265 1398 1241 1502; baseline -0.001 -12"><span class='ocrx_word' id='word_1_74' title='bbox 265 1441 371 1490; x_wconf 89' lang='lat' dir='ltr'><strong>monte</strong></span> <span class='ocrx_word' id='word_1_75' title='bbox 392 1432 570 1491; x_wconf 83' lang='lat' dir='ltr'><strong>Antilibano</strong></span> <span class='ocrx_word' id='word_1_76' title='bbox 590 1436 792 1502; x_wconf 89' lang='lat' dir='ltr'><strong>constituisse,</strong></span> <span class='ocrx_word' id='word_1_77' title='bbox 812 1435 877 1502; x_wconf 83' lang='lat' dir='ltr'><strong>agri</strong></span> <span class='ocrx_word' id='word_1_78' title='bbox 895 1431 1040 1501; x_wconf 88' lang='lat' dir='ltr'><strong>Campani</strong></span> <span class='ocrx_word' id='word_1_79' title='bbox 1058 1432 1164 1490; x_wconf 88' lang='lat' dir='ltr'><strong>abstu-</strong></span> <span class='ocrx_word' id='word_1_80' title='bbox 1240 1398 1241 1443; x_wconf 34' lang='lat' dir='ltr'><strong>l</strong></span> 
     </span>
    </p>
   </div>
   <div class='ocr_carea' id='block_1_7' title="bbox 266 1524 1241 1720">
    <p class='ocr_par' dir='ltr' id='par_1_7' title="bbox 266 1524 1241 1720">
     <span class='ocr_line' id='line_1_12' title="bbox 266 1524 1163 1611; baseline 0.002 -15"><span class='ocrx_word' id='word_1_81' title='bbox 266 1539 357 1598; x_wconf 87' lang='lat' dir='ltr'><strong>lisse?</strong></span> <span class='ocrx_word' id='word_1_82' title='bbox 393 1539 495 1611; x_wconf 81' lang='lat' dir='ltr'><strong>Quid?</strong></span> <span class='ocrx_word' id='word_1_83' title='bbox 510 1539 567 1597; x_wconf 89' lang='lat' dir='ltr'><strong>hoc</strong></span> <span class='ocrx_word' id='word_1_84' title='bbox 578 1560 670 1611; x_wconf 90' lang='lat' dir='ltr'><strong>quem</strong></span> <span class='ocrx_word' id='word_1_85' title='bbox 681 1539 854 1597; x_wconf 90' lang='lat' dir='ltr'><strong>admodum</strong></span> <span class='ocrx_word' id='word_1_86' title='bbox 863 1539 1034 1597; x_wconf 86' lang='lat' dir='ltr'><strong>obtinebis?</strong></span> <span class='ocrx_word' id='word_1_87' title='bbox 1071 1524 1163 1611; x_wconf 78' lang='lat' dir='ltr'><strong>“Op-</strong></span> 
     </span>
     <span class='ocr_line' id='line_1_13' title="bbox 266 1634 1241 1720; baseline 0.002 -16"><span class='ocrx_word' id='word_1_88' title='bbox 266 1668 383 1719; x_wconf 87' lang='lat' dir='ltr'><strong>pressos</strong></span> <span class='ocrx_word' id='word_1_89' title='bbox 395 1648 475 1720; x_wconf 89' lang='lat' dir='ltr'><strong>vos‚&#39;&#39;</strong></span> <span class='ocrx_word' id='word_1_90' title='bbox 487 1653 596 1720; x_wconf 86' lang='lat' dir='ltr'><strong>inquit,</strong></span> <span class='ocrx_word' id='word_1_91' title='bbox 606 1634 745 1706; x_wconf 83' lang='lat' dir='ltr'><strong>“tenebo</strong></span> <span class='ocrx_word' id='word_1_92' title='bbox 756 1653 891 1706; x_wconf 83' lang='lat' dir='ltr'><strong>exercitu</strong></span> <span class='ocrx_word' id='word_1_93' title='bbox 903 1647 1065 1705; x_wconf 83' lang='lat' dir='ltr'><strong>Caesaris”</strong></span> <span class='ocrx_word' id='word_1_94' title='bbox 1090 1649 1163 1706; x_wconf 93' lang='lat' dir='ltr'><strong>Non</strong></span> <span class='ocrx_word' id='word_1_95' title='bbox 1240 1654 1241 1657; x_wconf 74' lang='grc'>’</span> 
     </span>
    </p>
   </div>
   <div class='ocr_carea' id='block_1_8' title="bbox 263 1756 1239 2739">
    <p class='ocr_par' dir='ltr' id='par_1_8' title="bbox 263 1756 1165 2436">
     <span class='ocr_line' id='line_1_14' title="bbox 265 1756 1164 1829; baseline 0.002 -15"><span class='ocrx_word' id='word_1_96' title='bbox 265 1756 439 1815; x_wconf 90' lang='lat' dir='ltr'><strong>mehercule</strong></span> <span class='ocrx_word' id='word_1_97' title='bbox 464 1778 513 1815; x_wconf 91' lang='lat' dir='ltr'><strong>me</strong></span> <span class='ocrx_word' id='word_1_98' title='bbox 536 1765 571 1815; x_wconf 87' lang='lat' dir='ltr'><strong>tu</strong></span> <span class='ocrx_word' id='word_1_99' title='bbox 595 1757 718 1829; x_wconf 90' lang='lat' dir='ltr'><strong>quidem</strong></span> <span class='ocrx_word' id='word_1_100' title='bbox 741 1760 886 1814; x_wconf 81' lang='lat' dir='ltr'><strong>tamisio</strong></span> <span class='ocrx_word' id='word_1_101' title='bbox 909 1760 1043 1814; x_wconf 88' lang='lat' dir='ltr'><strong>exercitu</strong></span> <span class='ocrx_word' id='word_1_102' title='bbox 1070 1777 1164 1828; x_wconf 89' lang='lat' dir='ltr'><strong>quam</strong></span> 
     </span>
     <span class='ocr_line' id='line_1_15' title="bbox 264 1858 1164 1931; baseline 0.003 -16"><span class='ocrx_word' id='word_1_103' title='bbox 264 1863 390 1930; x_wconf 82' lang='lat' dir='ltr'><strong>ingratis</strong></span> <span class='ocrx_word' id='word_1_104' title='bbox 401 1862 508 1916; x_wconf 92' lang='lat' dir='ltr'><strong>animis</strong></span> <span class='ocrx_word' id='word_1_105' title='bbox 520 1878 625 1917; x_wconf 87' lang='lat' dir='ltr'><strong>eorum</strong></span> <span class='ocrx_word' id='word_1_106' title='bbox 635 1858 801 1928; x_wconf 91' lang='lat' dir='ltr'><strong>hominum,</strong></span> <span class='ocrx_word' id='word_1_107' title='bbox 813 1862 865 1928; x_wconf 91' lang='lat' dir='ltr'><strong>qui</strong></span> <span class='ocrx_word' id='word_1_108' title='bbox 875 1858 1068 1929; x_wconf 85' lang='lat' dir='ltr'><strong>appellantur</strong></span> <span class='ocrx_word' id='word_1_109' title='bbox 1078 1859 1164 1931; x_wconf 87' lang='lat' dir='ltr'><strong>boni,</strong></span> 
     </span>
     <span class='ocr_line' id='line_1_16' title="bbox 264 1959 1163 2031; baseline 0.003 -15"><span class='ocrx_word' id='word_1_110' title='bbox 264 1964 316 2031; x_wconf 89' lang='lat' dir='ltr'><strong>qui</strong></span> <span class='ocrx_word' id='word_1_111' title='bbox 334 1960 409 2016; x_wconf 91' lang='lat' dir='ltr'><strong>mihi</strong></span> <span class='ocrx_word' id='word_1_112' title='bbox 430 1980 492 2017; x_wconf 92' lang='lat' dir='ltr'><strong>non</strong></span> <span class='ocrx_word' id='word_1_113' title='bbox 513 1960 604 2017; x_wconf 92' lang='lat' dir='ltr'><strong>modo</strong></span> <span class='ocrx_word' id='word_1_114' title='bbox 624 1963 836 2031; x_wconf 86' lang='lat' dir='ltr'><strong>praemiorum,</strong></span> <span class='ocrx_word' id='word_1_115' title='bbox 850 1959 904 2017; x_wconf 87' lang='lat' dir='ltr'><strong>sed</strong></span> <span class='ocrx_word' id='word_1_116' title='bbox 926 1979 966 2018; x_wconf 91' lang='lat' dir='ltr'><strong>ne</strong></span> <span class='ocrx_word' id='word_1_117' title='bbox 987 1979 1163 2019; x_wconf 88' lang='lat' dir='ltr'><strong>sermonum</strong></span> 
     </span>
     <span class='ocr_line' id='line_1_17' title="bbox 264 2060 1163 2132; baseline 0.003 -14"><span class='ocrx_word' id='word_1_118' title='bbox 264 2060 388 2132; x_wconf 92' lang='lat' dir='ltr'><strong>quidem</strong></span> <span class='ocrx_word' id='word_1_119' title='bbox 403 2081 546 2131; x_wconf 89' lang='lat' dir='ltr'><strong>umquam</strong></span> <span class='ocrx_word' id='word_1_120' title='bbox 560 2060 694 2118; x_wconf 85' lang='lat' dir='ltr'><strong>fructum</strong></span> <span class='ocrx_word' id='word_1_121' title='bbox 708 2060 805 2118; x_wconf 90' lang='lat' dir='ltr'><strong>ullum</strong></span> <span class='ocrx_word' id='word_1_122' title='bbox 819 2068 872 2118; x_wconf 87' lang='lat' dir='ltr'><strong>aut</strong></span> <span class='ocrx_word' id='word_1_123' title='bbox 888 2064 1017 2131; x_wconf 82' lang='lat' dir='ltr'><strong>gratiam</strong></span> <span class='ocrx_word' id='word_1_124' title='bbox 1031 2062 1163 2121; x_wconf 88' lang='lat' dir='ltr'><strong>rettule-</strong></span> 
     </span>
     <span class='ocr_line' id='line_1_18' title="bbox 263 2161 1163 2234; baseline 0.003 -14"><span class='ocrx_word' id='word_1_125' title='bbox 263 2170 343 2220; x_wconf 89' lang='lat' dir='ltr'><strong>runt.</strong></span> <span class='ocrx_word' id='word_1_126' title='bbox 389 2161 506 2233; x_wconf 88' lang='lat' dir='ltr'><strong>Quodsi</strong></span> <span class='ocrx_word' id='word_1_127' title='bbox 520 2166 552 2219; x_wconf 93' lang='lat' dir='ltr'><strong>in</strong></span> <span class='ocrx_word' id='word_1_128' title='bbox 567 2182 635 2221; x_wconf 86' lang='lat' dir='ltr'><strong>eam</strong></span> <span class='ocrx_word' id='word_1_129' title='bbox 648 2182 699 2220; x_wconf 91' lang='lat' dir='ltr'><strong>me</strong></span> <span class='ocrx_word' id='word_1_130' title='bbox 713 2170 832 2234; x_wconf 86' lang='lat' dir='ltr'><strong>partem</strong></span> <span class='ocrx_word' id='word_1_131' title='bbox 843 2166 1011 2234; x_wconf 88' lang='lat' dir='ltr'><strong>incitarem,</strong></span> <span class='ocrx_word' id='word_1_132' title='bbox 1021 2163 1163 2234; x_wconf 84' lang='lat' dir='ltr'><strong>profecto</strong></span> 
     </span>
     <span class='ocr_line' id='line_1_19' title="bbox 263 2262 1165 2337; baseline 0.004 -17"><span class='ocrx_word' id='word_1_133' title='bbox 263 2268 324 2321; x_wconf 87' lang='lat' dir='ltr'><strong>iam</strong></span> <span class='ocrx_word' id='word_1_134' title='bbox 339 2264 471 2336; x_wconf 89' lang='lat' dir='ltr'><strong>aliquam</strong></span> <span class='ocrx_word' id='word_1_135' title='bbox 485 2268 651 2336; x_wconf 88' lang='lat' dir='ltr'><strong>reperirem</strong></span> <span class='ocrx_word' id='word_1_136' title='bbox 664 2263 826 2322; x_wconf 88' lang='lat' dir='ltr'><strong>resistendi</strong></span> <span class='ocrx_word' id='word_1_137' title='bbox 840 2267 926 2320; x_wconf 88' lang='lat' dir='ltr'><strong>viam.</strong></span> <span class='ocrx_word' id='word_1_138' title='bbox 944 2262 1063 2322; x_wconf 50' lang='lat' dir='ltr'><strong>&amp;Nunc</strong></span> <span class='ocrx_word' id='word_1_139' title='bbox 1077 2285 1165 2337; x_wconf 87' lang='lat' dir='ltr'><strong>pror·</strong></span> 
     </span>
     <span class='ocr_line' id='line_1_20' title="bbox 264 2364 1164 2436; baseline 0.004 -13"><span class='ocrx_word' id='word_1_140' title='bbox 264 2384 313 2423; x_wconf 91' lang='lat' dir='ltr'><strong>sus</strong></span> <span class='ocrx_word' id='word_1_141' title='bbox 337 2364 394 2422; x_wconf 91' lang='lat' dir='ltr'><strong>hoc</strong></span> <span class='ocrx_word' id='word_1_142' title='bbox 418 2369 521 2436; x_wconf 84' lang='lat' dir='ltr'><strong>statui,</strong></span> <span class='ocrx_word' id='word_1_143' title='bbox 543 2373 589 2436; x_wconf 90' lang='lat' dir='ltr'><strong>ut,</strong></span> <span class='ocrx_word' id='word_1_144' title='bbox 612 2368 754 2436; x_wconf 89' lang='lat' dir='ltr'><strong>quoniam</strong></span> <span class='ocrx_word' id='word_1_145' title='bbox 776 2372 863 2422; x_wconf 87' lang='lat' dir='ltr'><strong>tanta</strong></span> <span class='ocrx_word' id='word_1_146' title='bbox 886 2370 1088 2424; x_wconf 89' lang='lat' dir='ltr'><strong>controversia</strong></span> <span class='ocrx_word' id='word_1_147' title='bbox 1114 2375 1164 2426; x_wconf 91' lang='lat' dir='ltr'><strong>est</strong></span> 
     </span>
    </p>

    <p class='ocr_par' dir='ltr' id='par_1_9' title="bbox 263 2444 1239 2739">
     <span class='ocr_line' id='line_1_21' title="bbox 265 2444 1239 2538; baseline 0.004 -15"><span class='ocrx_word' id='word_1_148' title='bbox 265 2465 462 2536; x_wconf 88' lang='lat' dir='ltr'><strong>Dicaearcho,</strong></span> <span class='ocrx_word' id='word_1_149' title='bbox 485 2464 624 2522; x_wconf 85' lang='lat' dir='ltr'><strong>familiari</strong></span> <span class='ocrx_word' id='word_1_150' title='bbox 646 2446 711 2537; x_wconf 75' lang='lat' dir='ltr'><strong>tuo,</strong></span> <span class='ocrx_word' id='word_1_151' title='bbox 732 2486 801 2523; x_wconf 91' lang='lat' dir='ltr'><strong>cum</strong></span> <span class='ocrx_word' id='word_1_152' title='bbox 822 2465 1043 2538; x_wconf 85' lang='lat' dir='ltr'><strong>Tbeophrasto,</strong></span> <span class='ocrx_word' id='word_1_153' title='bbox 1064 2472 1163 2527; x_wconf 92' lang='lat' dir='ltr'><strong>amico</strong></span> <span class='ocrx_word' id='word_1_154' title='bbox 1238 2444 1239 2455; x_wconf 10' lang='grc' dir='ltr'>ἵ</span> 
     </span>
     <span class='ocr_line' id='line_1_22' title="bbox 263 2564 1164 2638; baseline 0.004 -14"><span class='ocrx_word' id='word_1_155' title='bbox 263 2585 343 2637; x_wconf 90' lang='lat' dir='ltr'><strong>meo,</strong></span> <span class='ocrx_word' id='word_1_156' title='bbox 362 2574 397 2624; x_wconf 89' lang='lat' dir='ltr'><strong>ut</strong></span> <span class='ocrx_word' id='word_1_157' title='bbox 416 2565 468 2624; x_wconf 91' lang='lat' dir='ltr'><strong>ille</strong></span> <span class='ocrx_word' id='word_1_158' title='bbox 485 2573 556 2624; x_wconf 87' lang='lat' dir='ltr'><strong>tuus</strong></span> <span class='ocrx_word' id='word_1_159' title='bbox 577 2568 628 2624; x_wconf 82' lang='grc' dir='ltr'><strong>τὸν</strong></span> <span class='ocrx_word' id='word_1_160' title='bbox 641 2568 805 2637; x_wconf 76' lang='grc' dir='ltr'>πρακτικὸν·</span> <span class='ocrx_word' id='word_1_161' title='bbox 819 2564 888 2637; x_wconf 75' lang='grc' dir='ltr'>βίον</span> <span class='ocrx_word' id='word_1_162' title='bbox 908 2567 999 2638; x_wconf 87' lang='lat' dir='ltr'><strong>longe</strong></span> <span class='ocrx_word' id='word_1_163' title='bbox 1021 2569 1164 2629; x_wconf 91' lang='lat' dir='ltr'><strong>omnibus</strong></span> 
     </span>
     <span class='ocr_line' id='line_1_23' title="bbox 263 2665 1163 2739; baseline 0.008 -16"><span class='ocrx_word' id='word_1_164' title='bbox 263 2674 441 2738; x_wconf 88' lang='lat' dir='ltr'><strong>anteponat,</strong></span> <span class='ocrx_word' id='word_1_165' title='bbox 464 2665 514 2724; x_wconf 90' lang='lat' dir='ltr'><strong>hic</strong></span> <span class='ocrx_word' id='word_1_166' title='bbox 536 2675 640 2725; x_wconf 88' lang='lat' dir='ltr'><strong>autem</strong></span> <span class='ocrx_word' id='word_1_167' title='bbox 663 2670 714 2725; x_wconf 78' lang='grc' dir='ltr'><strong>τὸν</strong></span> <span class='ocrx_word' id='word_1_168' title='bbox 729 2666 910 2739; x_wconf 82' lang='grc' dir='ltr'>θεωρητικόν,</span> <span class='ocrx_word' id='word_1_169' title='bbox 932 2672 1054 2739; x_wconf 85' lang='lat' dir='ltr'><strong>utrique</strong></span> <span class='ocrx_word' id='word_1_170' title='bbox 1073 2690 1091 2726; x_wconf 92' lang='lat' dir='ltr'><strong>a</strong></span> <span class='ocrx_word' id='word_1_171' title='bbox 1110 2691 1163 2730; x_wconf 87' lang='lat' dir='ltr'><strong>me</strong></span> 
     </span>
    </p>
   </div>
   <div class='ocr_carea' id='block_1_9' title="bbox 263 2768 1239 2839">
    <p class='ocr_par' dir='ltr' id='par_1_10' title="bbox 263 2768 1239 2839">
     <span class='ocr_line' id='line_1_24' title="bbox 263 2768 1239 2839; baseline 0.005 -14"><span class='ocrx_word' id='word_1_172' title='bbox 263 2788 329 2825; x_wconf 91' lang='lat' dir='ltr'><strong>mos</strong></span> <span class='ocrx_word' id='word_1_173' title='bbox 343 2776 448 2839; x_wconf 86' lang='lat' dir='ltr'><strong>gestus</strong></span> <span class='ocrx_word' id='word_1_174' title='bbox 463 2788 529 2826; x_wconf 88' lang='lat' dir='ltr'><strong>esse</strong></span> <span class='ocrx_word' id='word_1_175' title='bbox 544 2768 689 2826; x_wconf 89' lang='lat' dir='ltr'><strong>videatur.</strong></span> <span class='ocrx_word' id='word_1_176' title='bbox 729 2768 806 2827; x_wconf 88' lang='lat' dir='ltr'><strong>Puto</strong></span> <span class='ocrx_word' id='word_1_177' title='bbox 817 2773 900 2827; x_wconf 90' lang='lat' dir='ltr'><strong>enim</strong></span> <span class='ocrx_word' id='word_1_178' title='bbox 910 2789 960 2827; x_wconf 87' lang='lat' dir='ltr'><strong>me</strong></span> <span class='ocrx_word' id='word_1_179' title='bbox 973 2768 1162 2830; x_wconf 88' lang='lat' dir='ltr'><strong>Dicaearcho</strong></span> <span class='ocrx_word' id='word_1_180' title='bbox 1238 2812 1239 2815; x_wconf 17' lang='grc' dir='ltr'>η</span> 
     </span>
    </p>
   </div>
   <div class='ocr_carea' id='block_1_10' title="bbox 262 2864 1238 3148">
    <p class='ocr_par' dir='ltr' id='par_1_11' title="bbox 262 2864 1238 3148">
     <span class='ocr_line' id='line_1_25' title="bbox 263 2864 1238 2946; baseline 0.004 -19"><span class='ocrx_word' id='word_1_181' title='bbox 263 2869 391 2928; x_wconf 87' lang='lat' dir='ltr'><strong>adfatim</strong></span> <span class='ocrx_word' id='word_1_182' title='bbox 406 2873 478 2928; x_wconf 90' lang='lat' dir='ltr'><strong>satis</strong></span> <span class='ocrx_word' id='word_1_183' title='bbox 492 2869 616 2939; x_wconf 82' lang='lat' dir='ltr'><strong>fecisse3</strong></span> <span class='ocrx_word' id='word_1_184' title='bbox 630 2874 758 2941; x_wconf 87' lang='lat' dir='ltr'><strong>respicio</strong></span> <span class='ocrx_word' id='word_1_185' title='bbox 772 2890 854 2927; x_wconf 90' lang='lat' dir='ltr'><strong>nunc</strong></span> <span class='ocrx_word' id='word_1_186' title='bbox 864 2870 903 2928; x_wconf 93' lang='lat' dir='ltr'><strong>ad</strong></span> <span class='ocrx_word' id='word_1_187' title='bbox 914 2870 993 2929; x_wconf 95' lang='lat' dir='ltr'><strong>hanc</strong></span> <span class='ocrx_word' id='word_1_188' title='bbox 1003 2871 1162 2946; x_wconf 87' lang='lat' dir='ltr'><strong>familiam,</strong></span> <span class='ocrx_word' id='word_1_189' title='bbox 1237 2864 1238 2937; x_wconf 48' lang='grc' dir='ltr'>ξ</span> 
     </span>
     <span class='ocr_line' id='line_1_26' title="bbox 264 2970 1238 3045; baseline 0.007 -17"><span class='ocrx_word' id='word_1_190' title='bbox 264 2991 342 3042; x_wconf 89' lang='lat' dir='ltr'><strong>quae</strong></span> <span class='ocrx_word' id='word_1_191' title='bbox 361 2970 437 3028; x_wconf 90' lang='lat' dir='ltr'><strong>mihi</strong></span> <span class='ocrx_word' id='word_1_192' title='bbox 455 2991 517 3028; x_wconf 91' lang='lat' dir='ltr'><strong>non</strong></span> <span class='ocrx_word' id='word_1_193' title='bbox 536 2971 637 3042; x_wconf 91' lang='lat' dir='ltr'><strong>modo,</strong></span> <span class='ocrx_word' id='word_1_194' title='bbox 655 2980 691 3029; x_wconf 88' lang='lat' dir='ltr'><strong>ut</strong></span> <span class='ocrx_word' id='word_1_195' title='bbox 708 2976 905 3044; x_wconf 86' lang='lat' dir='ltr'><strong>requiescam,</strong></span> <span class='ocrx_word' id='word_1_196' title='bbox 925 2977 1086 3045; x_wconf 85' lang='lat' dir='ltr'><strong>permittit,</strong></span> <span class='ocrx_word' id='word_1_197' title='bbox 1105 2977 1163 3034; x_wconf 87' lang='lat' dir='ltr'><strong>sed</strong></span> <span class='ocrx_word' id='word_1_198' title='bbox 1237 3020 1238 3035; x_wconf 39' lang='lat'>1</span> 
     </span>
     <span class='ocr_line' id='line_1_27' title="bbox 262 3072 1162 3148; baseline 0.006 -18"><span class='ocrx_word' id='word_1_199' title='bbox 262 3072 472 3145; x_wconf 88' lang='lat' dir='ltr'><strong>reprehendit,</strong></span> <span class='ocrx_word' id='word_1_200' title='bbox 496 3077 566 3144; x_wconf 91' lang='lat' dir='ltr'><strong>quia</strong></span> <span class='ocrx_word' id='word_1_201' title='bbox 588 3093 650 3130; x_wconf 93' lang='lat' dir='ltr'><strong>non</strong></span> <span class='ocrx_word' id='word_1_202' title='bbox 673 3093 793 3146; x_wconf 88' lang='lat' dir='ltr'><strong>semper</strong></span> <span class='ocrx_word' id='word_1_203' title='bbox 815 3078 951 3145; x_wconf 89' lang='lat' dir='ltr'><strong>quierim.</strong></span> <span class='ocrx_word' id='word_1_204' title='bbox 997 3075 1099 3148; x_wconf 85' lang='lat' dir='ltr'><strong>Quare</strong></span> <span class='ocrx_word' id='word_1_205' title='bbox 1114 3081 1162 3135; x_wconf 92' lang='lat' dir='ltr'><strong>in-</strong></span> 
     </span>
    </p>
   </div>
   <div class='ocr_carea' id='block_1_11' title="bbox 262 3174 1162 3317">
    <p class='ocr_par' dir='ltr' id='par_1_12' title="bbox 262 3174 1162 3317">
     <span class='ocr_line' id='line_1_28' title="bbox 262 3174 1162 3246; baseline 0.007 -14"><span class='ocrx_word' id='word_1_206' title='bbox 262 3176 447 3246; x_wconf 91' lang='lat' dir='ltr'><strong>cumbamus,</strong></span> <span class='ocrx_word' id='word_1_207' title='bbox 463 3195 481 3231; x_wconf 96' lang='lat' dir='ltr'><strong>o</strong></span> <span class='ocrx_word' id='word_1_208' title='bbox 498 3182 602 3232; x_wconf 89' lang='lat' dir='ltr'><strong>noster</strong></span> <span class='ocrx_word' id='word_1_209' title='bbox 619 3174 698 3245; x_wconf 90' lang='lat' dir='ltr'><strong>Tite,</strong></span> <span class='ocrx_word' id='word_1_210' title='bbox 713 3174 752 3232; x_wconf 91' lang='lat' dir='ltr'><strong>ad</strong></span> <span class='ocrx_word' id='word_1_211' title='bbox 769 3175 821 3232; x_wconf 89' lang='lat' dir='ltr'><strong>illa</strong></span> <span class='ocrx_word' id='word_1_212' title='bbox 837 3176 990 3246; x_wconf 89' lang='lat' dir='ltr'><strong>praeclara</strong></span> <span class='ocrx_word' id='word_1_213' title='bbox 1007 3177 1108 3235; x_wconf 92' lang='lat' dir='ltr'><strong>studia</strong></span> <span class='ocrx_word' id='word_1_214' title='bbox 1127 3188 1162 3238; x_wconf 90' lang='lat' dir='ltr'><strong>et</strong></span> 
     </span>
     <span class='ocr_line' id='line_1_29' title="bbox 350 3265 408 3317; baseline 0 -1"><span class='ocrx_word' id='word_1_215' title='bbox 350 3265 408 3317; x_wconf 75' lang='lat'><strong>154</strong></span> 
     </span>
    </p>
   </div>
   <div class='ocr_carea' id='block_1_12' title="bbox 0 0 1246 3854">
    <p class='ocr_par' dir='ltr' id='par_1_13' title="bbox 0 0 1246 3854">
     <span class='ocr_line' id='line_1_30' title="bbox 0 0 1246 3854; baseline 0 1"><span class='ocrx_word' id='word_1_216' title='bbox 0 0 1246 3854; x_wconf 95' lang='lat' dir='ltr'><strong> </strong></span> 
     </span>
    </p>
   </div>
  </div>
 </body>
</html>
