2512 3958
441 415 618 477 MARCUS
639 415 821 477 TULLIUS
843 416 992 478 CICERO
1038 453 1040 460 s

275 533 360 596 dabo.
406 535 452 594 Tu
471 557 521 594 me
536 538 627 596 velim
647 543 806 596 certiorem
827 538 928 610 facias,
943 537 1016 609 quid
1038 537 1077 596 de
1090 541 1161 596 meis

274 630 424 690 mandatis
446 638 544 704 egeris
566 641 658 705 atque
680 638 772 692 etiam
794 634 868 706 quid
891 634 930 692 de
952 642 1006 692 tuo
1027 638 1146 704 negotio
1154 652 1164 703 ;’

273 746 353 797 nam,
371 735 407 785 ut
428 728 587 788 Brundisio
608 730 762 802 profectus
784 750 826 802 es,
841 730 942 788 nullae
964 730 1039 787 mihi
1059 731 1110 788 abs
1131 737 1162 788 te

273 831 345 880 sunt
358 824 496 882 redditae
510 825 639 884 litterae.
685 826 781 885 Valde
798 847 872 884 aveo
892 831 977 899 scire,
993 826 1066 900 quid
1085 845 1160 898 agas.

210 945 216 954 ·
274 916 378 977 Idibus
394 921 519 981 Martiis.

678 1070 752 1128 XVI

569 1173 674 1224 'c1cuno
689 1186 794 1224 surico
809 1186 867 1225 sau.

62 1263 121 1321 Ser.
134 1262 242 1322 Remos
316 1259 443 1333 Quaeris
456 1248 494 1320 err
504 1283 563 1333 me,
576 1262 649 1334 quid
663 1263 808 1321 acciderit
823 1263 861 1321 de
876 1263 997 1334 iudicio,
1008 1263 1089 1334 quod
1104 1270 1169 1320 tam

62 1369 97 1405 m·
112 1346 204 1413 Quint·
218 1368 244 1406 a·
274 1366 395 1428 praeter
416 1362 589 1429 opinionem
609 1363 744 1417 omnium
765 1359 880 1417 factum
901 1364 949 1429 sit,
966 1367 998 1416 et
1021 1358 1109 1416 simul
1124 1363 1169 1416 vis
1193 1368 1194 1371 ’

63 1431 126 1488 693
275 1457 361 1524 scire,
375 1474 435 1524 quo
452 1453 543 1511 modo
561 1473 618 1524 ego
635 1458 744 1525 minus,
760 1475 850 1526 quam
868 1454 989 1525 soleam,
1004 1454 1186 1526 proeliatuS,

275 1553 339 1606 sim.
386 1548 586 1620 Respondebo
610 1551 666 1607 tibi
695 1550 814 1620 ὕστερον
838 1548 975 1620 πρότερον
997 1548 1185 1621 ‘Oppianico

276 1644 342 1715 Ego
363 1648 453 1715 enim,
469 1664 559 1716 quam
574 1644 625 1702 diu
646 1653 767 1703 senatus
787 1649 948 1703 auctoritas
968 1645 1042 1702 mihi
1062 1645 1173 1704 defen·
1195 1676 1196 1679 ¹

276 1740 377 1798 denda
391 1740 459 1811 fuit,
475 1744 516 1797 sic
530 1744 640 1797 acriter
655 1748 687 1798 et
702 1741 901 1798 vehementer
915 1742 1078 1812 proeliatus
1092 1761 1173 1813 sum,

276 1844 311 1895 ut
340 1836 451 1894 clamor
479 1856 700 1907 concursusque
728 1840 858 1893 maxima
886 1857 955 1893 cum
983 1857 1051 1893 mea
1079 1836 1175 1896 laude

277 1932 393 1990 fierent.
428 1930 545 2003 Quodsi
559 1933 615 1989 tibi
629 1952 772 2002 umquam
784 1952 851 1989 sum
862 1936 941 1990 visus
955 1937 988 1989 in
1002 1952 1035 1989 re
1050 1931 1175 2002 publica

277 2027 372 2098 fortis,
388 2035 471 2085 certe
485 2047 535 2085 me
553 2031 585 2084 in
604 2027 656 2084 illa
670 2047 758 2084 causa
777 2026 941 2085 admiratus
961 2047 1048 2085 esses.
1094 2027 1175 2085 Cum

278 2128 360 2181 enim
385 2123 437 2181 ille
462 2122 501 2180 ad
527 2127 683 2181 contiones
709 2122 896 2193 confugisset
924 2127 955 2179 in
979 2127 1076 2193 iisque
1101 2142 1200 2182 meo·

277 2223 399 2276 nomine
421 2218 460 2276 ad
483 2218 626 2276 invidiam
647 2226 795 2289 uteretur,
817 2218 848 2276 di
869 2218 1067 2276 immortales!
1098 2238 1179 2288 quas

278 2335 335 2385 ego
349 2335 466 2386 pugnas
478 2322 511 2372 et
525 2323 652 2385 quantas
664 2322 779 2385 strages
791 2313 887 2372 edidi!
903 2333 977 2384 quos
992 2318 1125 2385 impetus
1142 2319 1179 2373 in

279 2410 428 2481 Pisonem,
443 2415 475 2467 in
497 2411 668 2481 Curionem,
683 2414 715 2467 in
736 2417 833 2467 totam
854 2410 936 2467 illam
955 2426 1078 2466 manum
1097 2408 1181 2470 fecii

278 2526 338 2578 quo
352 2505 442 2563 modo
453 2526 520 2563 sum
533 2509 699 2563 insectatus
713 2506 870 2563 levitatem
881 2524 997 2575 senum,
1012 2504 1182 2564 libidinem

278 2603 458 2659 iuventutis!
503 2601 610 2673 Saepe,
625 2606 668 2658 ita
681 2621 731 2659 me
745 2602 777 2659 di
796 2602 919 2658 iuvent!
941 2608 973 2657 te
994 2620 1055 2657 non
1074 2600 1185 2661 solum

278 2705 432 2755 auctorem
443 2697 634 2754 consiliorum
644 2717 790 2768 meorum,
801 2716 906 2754 verum
917 2700 1009 2753 etiarn
1021 2704 1185 2767 spectato·

278 2813 343 2851 rem
360 2812 530 2864 pugnarum
548 2793 739 2850 mirificarum
758 2792 963 2857 desideravit.
980 2791 1088 2849 Postea
1103 2812 1188 2854 vero

278 2909 369 2961 quam
390 2888 572 2947 Hortensius
591 2884 782 2959 excogitavit,
797 2896 832 2947 ut
851 2888 952 2958 legem
966 2887 1005 2946 de
1025 2888 1188 2959 religione
1224 2910 1235 2939 1

195 3034 201 3056 2
280 2984 380 3042 Fufius
391 2985 530 3043 tribunus
540 2985 580 3056 pl
592 2984 714 3055 ferretj
706 3004 737 3041 m
747 3004 807 3055 qua
815 2983 891 3041 nihil
902 2982 985 3040 aliud
995 3003 1013 3040 a
1024 2983 1191 3046 consulari

278 3084 435 3152 rogatione
450 3080 609 3187 differebat
622 3084 680 3137 nisi
694 3079 828 3190 iudicum
846 3098 943 3149 genus
958 3067 1003 3148 (in
1018 3099 1054 3137 eo
1069 3087 1191 3140 autem
1221 3092 1228 3120 ⁸
