2480 3862
444 320 615 380 MARCUS
635 319 819 379 TULLIUS
840 319 992 378 CICERO

268 447 340 514 sint,
354 447 457 501 nescio
472 451 505 501 et
518 462 595 502 aveo
608 447 694 500 scire.
738 440 854 502 Verum
873 442 949 501 haee
969 448 1124 515 posterius
1138 452 1170 502 et
1232 418 1233 447 l

268 570 369 608 coram
383 551 511 609 fortasse
526 550 721 611 commodius.

312 658 393 717 Illud
407 680 467 730 me,
482 663 525 716 mi
539 659 654 730 Attice,
668 664 702 716 in
716 667 854 717 extrema
867 659 932 717 fere
946 668 1035 731 parte
1054 665 1169 732 epistu-

269 768 317 825 lae
340 771 519 836 commovit;
540 768 645 824 scribis
668 772 751 825 enim
773 771 832 825 sic:
853 765 892 824 Τι’
913 766 1035 836 λοιπόν;
1055 768 1170 827 deinde

270 896 319 932 me
334 876 473 933 obsecras
486 880 703 946 amantissime,
716 895 757 933 ne
772 875 930 933 obliviscar
943 875 1071 947 vigilare
1086 885 1120 935 et
1135 885 1171 935 ut

269 983 519 1055 animadvertam,
534 1004 612 1055 quae
630 984 711 1042 fiant.
757 984 840 1042 Num
857 984 931 1055 quid
949 983 1069 1057 dequo
1085 990 1172 1044 inau-

269 1092 360 1150 disti?
403 1093 470 1150 Etsi
491 1092 566 1150 nihil
589 1097 655 1151 eius
674 1093 758 1151 modi
779 1101 842 1161 est;
862 1092 981 1151 πολλοῦ
997 1117 1032 1164 γε
1052 1094 1102 1151 καὶ
1122 1095 1170 1153 δεῖ.
1227 1178 1229 1183 Α

181 1201 185 1209 ’
271 1202 337 1258 Nee
351 1207 434 1259 enim
448 1221 497 1259 me
517 1201 678 1259 fefellisset
694 1221 752 1258 nec
770 1201 864 1259 fallet
909 1201 972 1260 Sed
991 1206 1050 1260 ista
1066 1202 1172 1260 admo·

270 1314 347 1375 nitio
366 1317 419 1368 tua
440 1317 504 1368 tam
524 1317 664 1367 accurata
685 1290 788 1367 nescio
808 1309 882 1381 quid
903 1309 980 1367 mihi
1001 1311 1171 1382 significare

269 1422 333 1475 visa
345 1426 401 1476 est.

313 1525 362 1584 De
374 1527 417 1584 M.
431 1527 560 1585 Octavio
570 1532 683 1585 iterum
693 1532 753 1584 iam
764 1527 822 1585 tibi
832 1528 965 1586 rescribo
975 1535 1008 1586 te
1019 1528 1066 1586 illi
1076 1531 1170 1600 probe

271 1635 478 1707 respondisse;
507 1636 598 1708 paulo
620 1636 732 1694 vellem
752 1635 904 1694 fidentius
950 1637 1030 1694 Nam
1052 1636 1170 1696 Caelius

271 1737 416 1795 libertum
430 1738 469 1796 ad
483 1758 533 1797 me
548 1743 631 1796 misit
650 1746 684 1796 et
702 1738 820 1796 litteras
839 1746 980 1796 accurate
998 1743 1127 1811 scriptas
1141 1747 1171 1797 et

272 1838 311 1896 de
332 1840 490 1918 pantheris
511 1848 544 1898 et
569 1842 749 1899 civitatibus.
795 1841 945 1912 Rescripsi
965 1840 1098 1899 alterum
1123 1861 1170 1900 me

272 1941 401 2000 moleste
416 1942 505 2013 ferre,
521 1947 546 2001 si
560 1962 618 2014 ego
632 1948 665 2001 in
678 1944 814 2002 tenebris
828 1942 966 2014 laterem,
980 1962 1038 2000 nec
1051 1943 1171 2002 audire-

272 2052 323 2102 tur
344 2044 456 2102 Romae
476 2045 594 2104 nullum
614 2050 646 2103 in
670 2065 737 2103 mea
759 2048 913 2117 provincia
931 2064 1093 2129 nummum
1116 2049 1171 2103 nisi

273 2151 306 2203 in
320 2167 371 2205 aes
384 2147 520 2206 alienum
534 2152 661 2219 erogari,
677 2147 827 2219 docuique
844 2166 903 2204 nec
920 2145 995 2203 mihi
1009 2147 1172 2205 conciliare

272 2255 433 2322 pecuniam
447 2249 539 2311 licere
553 2270 611 2309 nee
626 2249 670 2307 illi
685 2269 793 2321 capere
808 2253 972 2319 monuique
986 2267 1068 2318 eum,
1080 2268 1173 2321 quem

273 2351 364 2423 plane
379 2351 483 2423 dilige,
493 2353 539 2422 bt,
552 2373 621 2409 eum
635 2351 710 2409 alios
721 2358 900 2421 accusasset,
911 2353 1026 2407 cautius
1039 2354 1173 2420 viveret;

273 2452 350 2511 illud
363 2462 468 2511 autem
479 2454 610 2511 alterum
620 2454 755 2511 alienum
766 2472 832 2510 esse
844 2454 1080 2510 existumatione
1095 2473 1173 2521 mea,

274 2555 429 2626 Cibyratas
443 2559 570 2628 imperio
584 2575 653 2613 meo
668 2555 788 2627 publice
803 2557 914 2613 venari.

316 2656 415 2729 Lepta
428 2666 482 2716 tua
496 2658 626 2730 epistula
640 2657 752 2728 gaudio
763 2655 911 2725 exsultat3
933 2659 1050 2713 etenim
1061 2662 1173 2729 scripta

274 2758 354 2816 belle
375 2767 423 2816 est
442 2779 552 2830 meque
572 2759 653 2830 apud
673 2779 744 2816 eum
762 2777 874 2829 magna
892 2761 925 2814 in
943 2761 1042 2828 gratia
1061 2762 1171 2829 posuit.

276 2858 381 2916 Filiola
402 2868 456 2917 tua
476 2867 598 2930 gratum
619 2859 694 2916 mihi
715 2858 800 2928 fecit,
822 2857 904 2929 quod
925 2857 981 2916 tibi
1006 2856 1175 2929 diligenter

275 2959 439 3032 mandavit,
454 2968 490 3018 ut
504 2961 578 3018 mihi
593 2960 723 3018 salutem
736 2959 932 3030 adscriberes,
942 2964 1066 3029 gratum
1081 2964 1174 3017 etiam

187 3042 190 3047 Δ
276 3061 361 3133 Pilia,
382 3062 436 3120 sed
455 3061 507 3119 illa
527 3063 694 3133 officiosius,
715 3061 797 3133 quod
815 3059 901 3132 mihi,
921 3079 1013 3132 quem
1032 3065 1096 3118 iam
1115 3065 1174 3133 pri-

276 3164 348 3223 dem
376 3183 541 3234 numquam
570 3163 653 3222 vidit.
701 3164 799 3235 Igitur
827 3171 862 3221 tu
891 3181 1011 3234 quoque
1044 3161 1175 3221 salutem

361 3272 422 3332 436
