2494 3854
456 294 627 354 MARCUS
647 293 830 353 TULLIUS
852 293 1002 352 CICERO

204 418 242 504 s
282 421 365 475 enim
378 437 397 473 a
410 436 460 474 me
475 416 539 474 fieri
553 420 597 473 ita
610 415 769 487 videbunt,
784 423 820 473 ut
839 416 897 473 sibi
916 419 956 473 sit
976 414 1175 485 delinquendi

280 512 372 570 locus.
417 512 472 571 Sin
492 512 525 569 id
545 532 652 583 parum
672 511 831 583 profuerit,
845 510 899 569 fiet
919 510 1034 581 aliquid
1053 530 1072 566 a
1090 511 1176 568 nobis

281 612 422 667 severius.
467 608 547 665 Nam
566 607 666 666 adhuc
684 607 814 666 lenitate
835 607 939 665 dulces
958 625 1062 664 sumus
1081 613 1124 677 et,
1142 613 1177 663 ut

281 724 380 777 spero,
407 703 583 777 proficimus
605 703 802 774 aliquantum.
852 702 915 761 Sed
942 721 1001 789 ego
1028 701 1118 772 hanc,
1143 708 1177 759 ut

282 800 376 859 Siculi
400 800 517 870 dicunt,
549 793 665 871 ἀνεξίαν
694 803 726 856 in
750 820 846 857 unum
871 818 985 856 annum
1009 797 1174 856 meditatus

281 916 356 954 sum.
402 895 532 953 Proinde
554 914 667 966 pugna,
690 915 740 965 ne,
764 899 789 953 si
813 895 887 966 quid
909 901 1105 966 prorogatum
1127 897 1176 964 sit,

282 996 379 1063 turpis
392 994 536 1048 inveniar.

323 1088 414 1145 Nunc
432 1086 535 1157 redeo,
550 1086 589 1144 ad
604 1105 682 1156 quae
696 1085 772 1143 mihi
782 1085 915 1143 mandas.
957 1084 994 1142 ln
1013 1084 1175 1156 praefectis

282 1186 451 1241 excusatio:
465 1186 511 1252 iis,
524 1201 598 1253 quos
609 1182 702 1253 voles,
713 1181 841 1239 defertu.
879 1181 950 1238 Non
965 1200 1018 1238 ero
1031 1188 1096 1238 tam
1110 1204 1175 1250 μετ-

282 1276 372 1349 έωρος,
389 1298 480 1348 quam
499 1281 532 1334 in
549 1276 702 1348 Appuleio
721 1276 773 1334 fui.
818 1276 979 1334 Xenonem
998 1283 1062 1333 tam
1080 1275 1176 1347 diligo

281 1393 373 1444 quam
382 1381 428 1444 tu,
439 1373 521 1444 quod
535 1376 634 1445 ipsum
644 1376 758 1431 sentire
770 1379 854 1430 certo
868 1375 937 1430 scio.
964 1370 1057 1444 Apud
1072 1371 1176 1429 Patro·
1239 1380 1240 1405 l

281 1488 354 1526 nem
368 1475 401 1526 et
414 1467 546 1538 reliquos
560 1469 688 1526 barones
701 1475 735 1526 te
749 1472 781 1525 in
795 1470 925 1525 maxima
934 1471 1033 1538 gratia
1046 1470 1133 1539 posui
1144 1474 1177 1525 et
1239 1454 1240 1459 ἵ

281 1563 406 1622 hercule
427 1567 537 1621 merito
557 1571 612 1621 tuo
633 1563 700 1621 feci.
745 1564 826 1621 Nam
846 1562 922 1620 mihi
944 1561 1023 1621 Ister
1043 1563 1123 1621 dixit
1143 1570 1176 1621 te
1239 1582 1240 1603 ¹

281 1663 433 1731 scripsisse
448 1659 488 1717 ad
502 1679 534 1717 se
548 1659 624 1717 mihi
638 1679 675 1718 ex
691 1660 771 1717 illius
785 1659 896 1718 litteris
910 1679 975 1717 rem
989 1659 1071 1716 illam
1086 1679 1177 1717 curae

281 1755 383 1827 fuisse,
398 1756 479 1827 quod
494 1759 523 1815 ei
536 1763 713 1829 pergratum
728 1763 801 1814 erat.
836 1755 907 1826 Sed,
922 1775 993 1813 cum
1008 1755 1097 1812 Patro
1111 1775 1177 1813 me-

281 1872 351 1910 cum
365 1857 488 1924 egisset,
502 1859 538 1910 ut
556 1861 696 1924 peterem
715 1873 733 1909 a
752 1860 853 1910 vestro
873 1850 1034 1924 Ariopago,
1050 1849 1177 1922 ὑπομνη·

281 1950 425 2019 ματισμὸν
438 1948 594 2019 tollerent,
609 1969 701 2020 quem
722 1947 919 2019 Polycharmo
938 1955 1078 2019 praetore
1093 1946 1177 2006 fece·

280 2051 359 2115 rant,
381 2044 567 2102 commodius
589 2030 686 2102 visum
708 2051 756 2102 est
777 2051 810 2102 et
831 2044 953 2102 Xenoni
974 2050 1007 2101 et
1027 2051 1097 2114 post
1119 2047 1177 2116 ipsi

282 2141 404 2199 Patroni
418 2162 468 2199 me
483 2141 522 2199 ad
541 2141 722 2198 Memmium
739 2141 880 2211 scribere,
895 2143 947 2210 qui
962 2138 1069 2211 pridie,
1084 2159 1178 2210 quam

281 2257 340 2309 ego
354 2236 494 2295 Athenas
508 2240 587 2306 veni,
603 2235 759 2294 Mitilenas
778 2235 933 2307 profectus
953 2242 1027 2304 erat,
1043 2242 1079 2293 ut
1096 2239 1122 2294 is
1137 2236 1177 2294 ad
1239 2260 1240 2349 1

279 2353 348 2391 suos
362 2333 508 2390 scriberet
522 2352 609 2405 posse
620 2331 653 2389 id
666 2352 721 2390 sua
731 2332 888 2390 voluntate
899 2331 972 2389 fieri.
1006 2330 1078 2388 Non
1092 2326 1176 2391 enim
1239 2352 1240 2409 l

279 2428 439 2486 dubitabat
453 2425 552 2499 Xeno,
565 2432 638 2499 quin
652 2427 691 2484 ab
708 2427 894 2499 Ariopagitis
911 2430 1006 2484 invito
1027 2426 1177 2485 Memmio

279 2526 434 2595 impetrari
451 2543 513 2591 non
529 2530 640 2597 posset.
685 2524 849 2582 Memmius
870 2529 975 2580 autem
994 2522 1176 2581 aedificandi

279 2612 437 2672 consilium
451 2613 619 2682 abiecerat3
640 2613 775 2670 sederat
791 2612 913 2669 Patroni
927 2615 1029 2669 iratus.
1065 2610 1175 2682 Itaque

278 2706 383 2774 scripsi
401 2703 440 2761 ad
460 2713 530 2762 e‘um
550 2709 705 2770 accurate3
727 2706 811 2759 cuius
832 2700 980 2772 epistulae
999 2702 1068 2758 misi
1087 2700 1128 2758 ad
1142 2707 1175 2759 te
1239 2760 1240 2765 χ

279 2791 461 2863 exemplum.

321 2880 367 2938 Tu
382 2881 473 2939 velim
489 2881 595 2938 Piliam
609 2884 685 2951 meis
700 2881 799 2939 verbis
818 2878 981 2937 consolere.
1029 2877 1176 2937 Indicabo
1239 2924 1240 2927 η

278 2973 362 3028 enim
375 2971 442 3041 tibi,
456 2978 491 3028 tu
506 2970 550 3027 illi
565 2969 642 3027 nihil
656 2969 775 3027 dixeris,
813 2967 928 3040 Accepi
942 2966 1176 3039 fasciculum‚in

278 3079 338 3131 quo
349 3066 415 3118 erat
429 3059 559 3131 epistula
575 3058 676 3116 Piliae.
707 3057 840 3129 Abstuli,
848 3060 963 3130 aperui,
972 3055 1043 3129 legi.
1074 3054 1176 3115 Valde
1237 3102 1238 3107 κ

277 3152 389 3222 scripta
408 3156 455 3207 est
474 3146 638 3220 συμπαθῶς.
680 3147 840 3206 Brundisio
855 3166 932 3218 quae
945 3147 1004 3204 tibi
1023 3143 1176 3217 epistulae

363 3243 423 3303 364
