2494 3854
434 300 605 360 MARCUS
626 300 809 360 TULLIUS
831 300 981 358 elcuuo

258 442 362 481 secum
383 426 417 480 in
439 441 577 494 regnum
622 421 706 480 Dum
727 428 761 479 in
782 427 905 481 aestivis
926 441 982 479 nos
1007 439 1155 490 essemus,

258 517 346 576 illum
359 522 461 590 pueris
474 518 575 576 locum
586 537 652 576 esse
667 517 866 576 bellissimum
879 518 1029 575 dammas

301 613 418 673 Sestius
434 613 474 672 ad
490 633 541 672 me
558 618 687 686 scripsit,
704 633 784 685 quae
802 621 907 672 mcum
924 620 1007 672 esset
1025 611 1066 671 de
1087 631 1156 669 mes

259 708 427 768 domestica
440 718 474 768 et
487 713 618 768 maxima
631 729 703 768 cura
716 709 846 781 locutus,
861 717 895 767 et
911 708 986 780 quid
1002 709 1060 765 tibi
1075 714 1157 766 esset

259 809 364 864 visum.
408 805 527 864 Amabo
547 813 590 876 te,
607 807 750 864 incumbe
772 810 805 862 in
823 824 893 864 eam
910 825 977 864 rem
996 812 1030 864 et
1047 804 1088 862 ad
1107 822 1157 862 me

259 901 367 973 scribe,
380 902 455 973 quid
470 909 503 960 et
522 905 627 973 possit,
642 910 675 959 et
694 909 730 958 tu
749 920 882 960 censeas
928 900 1016 959 Idem
1035 903 1158 972 scripsit

261 996 463 1055 Hortensium
481 996 521 1055 de
540 996 730 1069 proroganda
749 1004 852 1055 nostra
870 1001 1025 1069 provincia
1043 995 1157 1053 dixisse
1233 1018 1234 1035 ¹

259 1097 362 1150 nescio
380 1092 463 1165 quid
507 1092 586 1150 Mihi
603 1097 636 1149 in
655 1094 791 1150 Cumano
809 1093 1042 1164 diligentissime
1062 1111 1105 1162 se,
1120 1098 1157 1148 ut

259 1192 352 1245 annui
366 1208 509 1259 essemus,
524 1186 721 1247 defensurum
735 1197 902 1260 receperat.
946 1188 979 1247 Si
992 1192 1156 1260 quicquam

259 1303 309 1342 me
322 1304 415 1355 amas,
429 1284 511 1341 hunc
525 1284 626 1341 locum
640 1289 733 1343 muni.
779 1285 848 1342 Dici
863 1304 925 1342 non
939 1291 1052 1357 potest,
1063 1303 1156 1355 quam

259 1382 372 1437 invitus
385 1400 404 1436 a
417 1380 501 1437 vobis
512 1379 623 1448 adsim;
645 1388 678 1438 et
692 1380 782 1438 simul
793 1381 872 1438 hanc
883 1381 1010 1451 gloriam
1020 1382 1156 1437 iustitiae

260 1482 293 1532 et
311 1474 515 1533 abstinentiae
533 1475 598 1534 fore
619 1475 825 1534 inlustriorem
846 1496 943 1548 spero,
965 1478 990 1533 si
1017 1479 1079 1532 cito
1102 1474 1157 1531 de·

259 1572 446 1641 cesserimus,
474 1570 506 1628 id
533 1571 616 1642 quod
644 1571 806 1630 Scaevolae
835 1575 974 1643 contigit,
997 1573 1050 1642 qui
1078 1569 1159 1628 solos

259 1684 369 1723 novem
384 1685 504 1724 menses
518 1665 609 1725 Asiae
623 1666 766 1738 praefuit.

301 1761 419 1833 Appius
438 1768 551 1832 noster,
571 1781 641 1819 cum
659 1782 709 1820 me
728 1762 894 1821 adventare
913 1763 1041 1833 videret,
1056 1761 1159 1833 profe·
1238 1776 1240 1827 ζ

259 1863 327 1914 ctus
341 1863 390 1914 est
403 1856 530 1914 Tarsum
539 1876 635 1928 usque
648 1857 805 1917 Laodicea.
833 1857 989 1918 lbiforum
999 1861 1073 1929 agit,
1085 1877 1158 1916 cum
1239 1878 1240 1881 ¹

260 1971 319 2022 ego
333 1955 389 2011 sim
403 1955 435 2008 in
449 1955 610 2024 provincia.
641 1951 742 2025 Quam
762 1958 826 2013 eius
845 1958 986 2012 iniuriam
999 1973 1061 2011 non
1075 1956 1158 2011 inse-
1240 2004 1241 2025 ,

260 2054 333 2105 ctor.
357 2047 437 2106 Satis
447 2050 531 2105 enim
538 2046 638 2106 habeo
646 2055 763 2120 negotii
774 2055 807 2109 in
817 2051 958 2109 sanandis
969 2049 1157 2120 vulneribus,

260 2161 338 2215 quae
357 2151 430 2202 sunt
448 2147 589 2216 imposita
607 2149 795 2217 provinciae3
816 2146 899 2218 quod
918 2146 958 2204 do
977 2164 1101 2218 operam
1121 2151 1159 2203 ut
1240 2170 1242 2217 l

260 2238 369 2297 faciam
382 2259 473 2310 quam
487 2243 612 2298 murima
623 2260 693 2298 oum
703 2242 784 2301 illius
795 2242 987 2300 contumelia.
1022 2239 1087 2299 Sed
1098 2240 1159 2299 hoc

260 2333 356 2393 Bruto
370 2342 473 2393 nostro
486 2334 578 2394 veIIm
592 2336 684 2409 dicas,
699 2337 786 2395 illum
800 2337 908 2396 fecisse
923 2357 985 2396 non
999 2335 1090 2407 belle,
1103 2341 1158 2408 qui

260 2430 395 2489 adventu
408 2450 487 2503 meo,
502 2450 593 2504 quam
607 2433 782 2504 longissime
796 2436 941 2507 potuerit,
953 2433 1134 2492 discesserit.

654 2598 763 2658 XVIII

560 2701 665 2740 cronno
679 2702 785 2741 amco
799 2702 858 2742 ssu
1241 2710 1242 2729 2

49 2783 249 2844 &memmi
303 2775 403 2849 Quam
417 2776 528 2836 vellem
545 2778 657 2837 Romae
672 2799 763 2851 esses,
777 2783 802 2838 si
817 2779 896 2838 forte
910 2799 973 2839 non
988 2797 1035 2839 es.
1069 2780 1157 2838 Nihil

50 2870 88 2928 od
104 2867 232 2942 Cybistra
261 2876 343 2931 enim
358 2877 434 2931 certi
446 2873 633 2933 habebamus
646 2879 705 2933 nisi
718 2880 871 2949 accepisse
886 2895 941 2936 nos
955 2884 1023 2935 tuas
1037 2874 1159 2935 litteras

51 2951 249 3025 &wilm
260 2989 285 3027 a.
299 2968 327 3027 d.
344 2987 410 3026 xuu
426 2968 491 3027 Kal.
509 2970 614 3028 Sextii.
632 2971 728 3043 datas,
742 2976 775 3029 in
789 2972 899 3043 quibus
913 2976 1062 3044 scriptum
1077 2980 1161 3031 esset

49 3035 101 3094 XI
111 3034 148 3095 K·
168 3035 227 3096 oct·
260 3072 293 3124 te
307 3069 340 3123 in
360 3063 486 3137 EpIrum
505 3069 620 3124 iturum
634 3070 754 3126 circiter
769 3066 835 3127 Kal.
853 3067 959 3127 Sextil.
1004 3067 1079 3140 Sed,
1094 3072 1159 3127 sive

48 3140 74 3178 α’
88 3120 148 3178 703
262 3160 383 3302 Βοῐιιεέξε8
396 3180 429 3218 es
450 3164 512 3219 sive
533 3165 566 3219 in
593 3161 695 3235 Epiro,
720 3162 823 3220 Parthi
845 3163 1026 3236 Euphraten
1047 3168 1159 3222 transi-

386 3251 405 3301 0
