2512 3958
432 440 602 502 MARCUS
622 440 805 504 TULLIUS
825 443 977 506 CICERO

257 570 350 621 verat.
394 561 440 620 Tu
469 562 561 622 velim
588 582 679 636 saepe
707 565 746 623 ad
774 584 829 624 nos
857 567 975 627 scribas.
1025 568 1058 628 Si
1086 588 1150 627 rem

258 644 373 703 nullam
401 644 536 717 habebis,
559 647 642 718 quod
664 652 696 705 in
718 649 844 707 buccam
867 655 995 721 venerit,
1018 652 1148 710 scribito.

168 742 178 761 .
260 727 326 787 Kal.
343 727 488 788 Ianuariis
503 729 546 787 Μ.
564 730 715 803 Messalla,
730 732 773 790 M.
787 732 896 793 Pisone
908 753 982 792 cosa.

663 931 742 991 XIII

555 1033 659 1073 mosao
674 1035 780 1074 arrico
794 1036 853 1076 sar..

42 1102 102 1159 Sor.
115 1101 223 1160 Rornae
299 1099 414 1171 Accepi
428 1106 496 1158 tuas
509 1107 572 1158 tres
592 1104 652 1157 iam
667 1100 820 1173 epistulas,
836 1121 927 1160 unam
941 1123 959 1159 a
980 1103 1022 1161 M.
1039 1103 1151 1163 Corne·

48 1185 76 1244 V
76 1184 96 1243 I
108 1185 145 1243 Κ,
159 1183 241 1243 Febr.
256 1182 308 1254 lio,
314 1182 680 1255 quamTribusTabcmiS,
686 1190 842 1257 mopinot,
848 1190 878 1244 ei
886 1185 1008 1258 dedisti,
1014 1186 1151 1259 alteram,
1241 1206 1245 1217 ¹

44 1290 71 1327 a.
88 1269 150 1327 693
257 1286 348 1340 quam
362 1266 437 1326 mihi
457 1267 624 1326 Canusinus
643 1275 714 1326 tuus
733 1268 843 1379 hospes
856 1270 1001 1342 reddidit,
1018 1276 1151 1342 tertiam,

257 1371 358 1424 quam,
373 1358 408 1409 ut
429 1352 543 1423 scribis,
562 1372 671 1409 ancora
685 1352 784 1410 soluta
824 1353 863 1411 de
886 1353 1010 1426 phaselo
1024 1354 1152 1424 dedisti;

256 1454 334 1507 quae
359 1433 484 1493 fuerunt
512 1422 641 1505 omnes,²
665 1442 701 1493 ut
728 1435 885 1494 rhetorum
909 1442 996 1509 pueri
1022 1438 1152 1510 loquun-

256 1525 317 1588 tur,
329 1537 398 1576 cum
413 1517 609 1576 humanItatis
621 1537 739 1590 sparsae
751 1518 812 1577 sale
824 1527 890 1577 tum
899 1524 1033 1591 insignes
1044 1525 1152 1580 amoris

258 1606 346 1659 notis.
370 1599 488 1674 Quibus
499 1601 636 1673 epIstulis
647 1621 713 1659 sum
725 1602 868 1672 equidem
881 1603 935 1661 abs
949 1611 982 1662 te
997 1603 1152 1663 lacessitus

257 1684 297 1743 ad
311 1684 554 1755 rescribendum
575 1685 629 1743 sed
649 1685 761 1744 idcirco
775 1705 842 1744 sum
856 1686 980 1759 tardior,
991 1689 1073 1761 quod
1090 1708 1152 1746 non

258 1772 379 1827 invenio
388 1768 510 1827 fidelem
518 1768 718 1827 tabellarium.
735 1766 855 1841 Quotus
863 1774 946 1829 enim
956 1776 1083 1844 quisque
1095 1779 1152 1844 est,

258 1856 310 1924 qui
325 1851 486 1924 epistulam
505 1852 594 1925 paulo
607 1857 776 1924 graviorem
794 1852 875 1912 ferre
894 1858 998 1926 possit,
1013 1859 1071 1913 nisi
1085 1875 1153 1913 eam

258 1936 442 2010 pellectione
464 1936 624 1995 relevarit?
667 1935 797 1995 Accedit
820 1955 866 2009 eo,
889 1937 971 2010 quod
993 1938 1069 1997 mihi
1092 1958 1153 1996 non

259 2029 306 2079 est
321 2027 428 2078 notum
443 2024 618 2092 utquisque
639 2024 671 2078 in
691 2019 816 2092 Epirum
836 2020 1041 2093 proficiscitur.
1086 2021 1153 2093 Ego
1225 2020 1229 2025 ’

259 2107 341 2161 enim
355 2111 388 2162 te
401 2105 530 2162 arbitror
543 2108 638 2162 caesis
656 2103 737 2176 apud
754 2103 949 2163 Amaltheam
967 2113 1052 2163 tuam
1066 2109 1153 2164 victi·

258 2192 325 2259 mis,
343 2192 447 2246 statim
468 2206 533 2247 esse
554 2188 593 2246 ad
615 2187 777 2259 Sicyonem
796 2188 1034 2260 oppugnandum
1053 2188 1153 2260 profe·

259 2280 352 2344 ctum,
364 2291 464 2344 neque
475 2279 579 2330 tamen
590 2270 729 2343 idipsum
740 2278 857 2329 certum
868 2270 975 2341 habeo,
985 2271 1106 2344 quando
1114 2271 1154 2330 ad
1243 2268 1247 2327 J

259 2355 428 2414 Antonium
446 2355 643 2427 proficiscare,
664 2362 718 2413 aut
741 2354 814 2426 quid
836 2358 869 2412 in
895 2354 987 2427 Epiro
1009 2359 1155 2427 temporis

258 2459 360 2512 ponas.
407 2438 454 2498 Ita
471 2457 571 2510 neque
586 2437 727 2496 Achaicls
746 2437 918 2496 hominibus
932 2457 1032 2510 neque
1048 2438 1153 2510 Epiro·

258 2528 327 2581 ticis
341 2521 431 2595 paulo
445 2521 601 2580 liberiores
615 2520 732 2580 litteras
747 2525 938 2580 committere
951 2521 1057 2580 audeo.

196 2613 225 2674 2
301 2605 381 2665 Sunt
398 2612 502 2663 autem
517 2612 586 2677 post
604 2603 769 2663 discessum
783 2625 801 2662 a
815 2625 864 2664 me
879 2613 966 2664 tuum
981 2624 1028 2663 res
1042 2604 1154 2677 dignae

259 2690 370 2749 litteris
384 2692 503 2760 nostris,
514 2688 568 2746 sed
583 2708 644 2745 non
656 2688 893 2747 commIttendae
904 2688 1061 2747 eiusmodi
1074 2693 1154 2761 peri·

261 2772 339 2844 culo,
355 2780 390 2831 ut
403 2779 458 2830 aut
471 2775 596 2830 interire
610 2779 664 2829 aut
678 2774 787 2843 aperIri
804 2779 859 2830 aut
872 2776 1012 2844 intercipi
1027 2777 1152 2844 possint.

202 2860 224 2905 -ἒ
261 2856 395 2915 Primum
417 2860 510 2927 igitur
528 2860 605 2914 scito
625 2857 756 2927 primum
775 2875 825 2914 me
847 2875 909 2913 non
930 2874 995 2913 esse
1015 2864 1155 2928 rogatum

260 2944 445 3000 sententiam
464 2943 729 3012 praepositumque
749 2958 814 2997 esse
830 2940 915 2997 nobis
933 2938 1155 3011 paclicatorem

293 3055 411 3103 'ancora
429 3051 538 3102 sublata
550 3053 712 3103 Lambinus:
729 3068 778 3102 ora
794 3054 884 3101 soluta
901 3052 1062 3119 Peerlkamp.
1098 3054 1157 3103 Bul

260 3119 387 3169 Schmala
401 3115 630 3181 (Antibarbarun
653 3118 683 3167 r'i.
706 3118 763 3182 588,
785 3117 831 3182 7lh
850 3118 912 3182 ed.)
929 3119 1023 3182 points
1044 3125 1091 3169 ortt
1112 3120 1156 3169 the

261 3185 376 3248 reading
393 3184 427 3246 os
442 3183 486 3233 the
504 3183 584 3232 MSS.
605 3186 629 3233 is
645 3183 789 3248 dffensible
808 3199 840 3231 as
855 3199 872 3231 a
892 3186 1106 3235 contaminatius
1129 3187 1163 3250 of

259 3266 363 3302 ancora
375 3247 484 3298 sublata
496 3250 555 3298 aad
564 3265 634 3299 nave
646 3251 742 3298 soluta.

291 3313 340 3366 2ut
352 3316 488 3365 rhetorum
501 3316 576 3380 pueri
589 3316 724 3380 Madvig:
742 3315 879 3365 rethorum
892 3329 958 3383 pure
969 3315 1049 3369 MSS.

344 3398 383 3457 82
