2480 3862
435 359 605 418 MARCUS
626 357 808 417 TULLIUS
830 356 980 415 CICERO

582 638 728 694 ·Vl

553 741 656 779 crosno
679 740 785 779 amco
806 740 864 778 sin.

11 884 13 889 y
48 830 107 887 Sor,
123 827 219 886 Rhodi
303 818 379 888 Ego,
405 819 478 876 dum
507 822 539 874 in
567 821 720 888 provincia
744 817 883 873 omnibus
908 815 998 873 rebus
1024 816 1164 888 Appium

48 913 110 970 Oirc·
128 911 176 969 JV
189 909 233 967 Id·
262 946 345 996 orno,
361 928 460 984 subito
480 946 547 983 sum
563 925 660 983 factus
680 928 859 982 accusatoris
877 928 941 981 eins
957 943 1052 981 socer.
1101 911 1165 981 “Id
1232 910 1233 937 ¹

48 996 120 1053 8⁶²4·
137 1016 163 1052 α’
182 995 243 1065 704
262 1034 415 1106 quidem,''
432 1038 541 1104 inquis,
557 1020 614 1091 “di
633 1033 803 1104 adprobent
814 1032 845 1089 !”
891 1031 939 1090 Ita
953 1031 1047 1089 velim
1067 1039 1164 1104 teque

262 1147 305 1200 ita
322 1162 433 1214 cupere
451 1150 535 1200 certo
552 1146 622 1199 scio.
666 1140 737 1211 Sed,
753 1141 843 1198 crede
862 1139 948 1210 mihi,
962 1139 1041 1196 nihil
1061 1145 1164 1198 minus

261 1258 400 1322 putaram
416 1269 483 1320 ego,
499 1249 604 1320 quide
620 1248 664 1305 Ti.
682 1249 815 1319 Nerone,
831 1252 882 1319 qui
901 1268 1022 1305 meeum
1043 1255 1164 1320 egerat,

263 1366 361 1416 certos
382 1358 521 1415 homines
542 1357 581 1414 ad
602 1357 745 1414 mulieres
767 1361 926 1424 miseram3
957 1360 1009 1427 qui
1034 1357 1163 1414 Romam

265 1473 414 1524 venerunt
428 1466 515 1523 factis
530 1465 725 1536 sponsalibus.
771 1464 833 1522 Sed
852 1464 910 1521 hoc
927 1483 1015 1536 spero
1033 1465 1164 1532 melius3

263 1574 405 1631 mulieres
425 1573 549 1644 quidem
569 1573 657 1630 valde
680 1571 827 1643 intellego
847 1572 993 1630 delectari
1016 1573 1164 1644 obsequio

264 1689 296 1739 et
311 1686 454 1739 comitate
469 1681 680 1738 adulescentis
725 1681 834 1737 Cetera
848 1680 910 1737 noli
927 1674 1129 1752 ἔξακανθίζειν.

306 1789 367 1848 Sed
381 1789 458 1847 heus
472 1789 521 1847 tu!
544 1788 649 1859 πυροὺς
664 1786 701 1849 εἰς
717 1764 805 1859 δῆμον
816 1787 966 1845 Athenis?
986 1787 1092 1858 placet
1107 1789 1164 1846 hoc
1232 1794 1233 1815 ;

264 1898 343 1955 tibi?
386 1897 453 1954 Etsi
473 1916 536 1953 non
555 1896 765 1967 impediebant
783 1900 845 1953 mei
864 1903 948 1954 certe
967 1895 1045 1952 libri.
1094 1897 1163 1954 Non
1232 1926 1233 1931 κ

265 2008 348 2061 enim
362 2008 420 2061 ista
434 2004 555 2074 largitio
569 2004 628 2061 fuit
642 2007 675 2060 in
690 2007 779 2074 civeS,
791 2003 845 2061 sed
860 2008 892 2060 in
902 2003 1039 2074 hospites
1053 2004 1164 2062 libera-

265 2112 341 2169 litas
401 2111 454 2169 Me
486 2119 591 2169 tamen
622 2111 661 2168 de
690 2111 873 2169 Academiae
904 2109 1045 2182 προπύλῳ
1078 2113 1164 2179 iubes

266 2224 409 2290 cogitare,
425 2240 494 2276 cum
511 2224 571 2277 iarn
585 2219 703 2290 Appius
719 2219 758 2276 de
779 2218 923 2277 Eleusine
942 2238 1003 2275 non
1023 2221 1164 2291 cogitet?

267 2328 315 2385 De
334 2328 502 2385 Hortensio
521 2334 554 2393 te
572 2334 656 2403 certo
673 2331 734 2383 scio
749 2325 871 2396 dolere;
894 2326 1037 2397 equidem
1058 2348 1164 2386 excru-

267 2440 343 2506 cior3
361 2435 516 2492 decreram
528 2439 609 2492 enim
622 2454 690 2491 cum
702 2454 738 2492 eo
749 2434 837 2492 valde
853 2434 1041 2493 familiariter
1051 2440 1162 2494 vivere.

275 2558 279 2566 ’
309 2544 372 2602 Nos
386 2546 557 2614 provinciae
571 2542 771 2613 praefecimus
786 2524 937 2601 Caelium..
973 2529 1163 2615 “Puerum,”

267 2657 395 2723 inquies,
416 2637 474 2708 “et
493 2650 619 2708 fortasse
637 2650 755 2708 fatuum
773 2659 805 2708 et
824 2671 886 2708 non
905 2671 1030 2722 gravem
1050 2660 1084 2710 et
1102 2673 1164 2710 non

268 2759 517 2817 continenteml’'
561 2758 744 2826 Adsentior;
771 2759 835 2815 fieri
859 2780 921 2817 non
943 2764 1045 2830 potuit
1064 2760 1162 2818 aliter.

267 2869 357 2939 Nam,
380 2887 453 2939 quas
476 2867 573 2924 multo
596 2875 668 2924 ante
691 2875 758 2924 tuas
781 2887 957 2938 acceperam
979 2867 1111 2939 litteras,
1133 2874 1165 2927 in

268 2978 377 3048 quibus
388 2973 499 3047 ἐπέχειν
507 2982 540 3033 te
549 2979 718 3045 scripseras,
728 2972 801 3045 quid
811 2984 892 3033 esset
903 2975 977 3032 mihi
989 2975 1165 3035 faciendum

269 3085 308 3143 de
323 3082 533 3153 relinquendo,
548 3101 602 3139 eae
620 3102 669 3139 me
688 3083 868 3153 pungebant
878 3103 885 3151 3
909 3083 1050 3159 videbam
1072 3088 1166 3155 enim,

269 3212 346 3264 quae
357 3191 414 3248 tibi
425 3198 528 3247 essent
543 3187 649 3261 ἐποχῆς
663 3209 778 3260 causae,
791 3197 823 3247 et
839 3197 926 3248 erant
937 3191 1065 3249 eaedem
1079 3190 1164 3250 mihi.

352 3291 413 3350 470
