2526 3850
432 308 611 369 *MARCUS
632 307 815 368 TULLIUS
837 308 988 369 CICERO

230 458 234 465 ·
266 450 369 502 tamen
382 444 440 501 tibi
454 443 573 502 demea
586 442 744 501 voluntate
759 462 935 502 concessum
950 450 1005 502 est.
1051 443 1165 502 Postri-

265 552 316 611 die
342 560 465 611 senatus
490 551 662 611 consultum
687 551 802 610 factum
827 560 875 611 est
898 552 941 624 id,
963 552 1045 624 quod
1068 552 1109 612 ad
1131 560 1165 612 te

264 664 340 719 misi.
386 661 508 720 Deinde
519 660 658 719 consules
669 665 820 733 porticum
831 661 930 719 Catuli
941 661 1164 720 restituendam

264 768 421 838 locarunt3
445 769 529 827 illam
557 774 708 841 porticum
729 769 939 841 redemptores
959 774 1063 828 statim
1091 777 1164 828 sunt

265 877 403 936 demoliti
425 878 633 936 libentissimis
661 879 809 936 omnibus.
854 877 950 936 Nobis
972 878 1162 950 superficiem

265 985 386 1044 aedium
409 985 548 1045 consules
570 986 610 1044 de
639 986 756 1044 consilii
784 990 939 1047 sententia
962 991 1162 1045 aestimarunt

265 1093 1163 1166 sestertioviciens,ceteraraldeinliberaliter,Tusculanam

236 1281 242 1292 ι
264 1203 367 1261 villam
386 1208 562 1275 quingentis
581 1202 713 1274 milibus,
733 1202 926 1260 Formianum
946 1202 1002 1261 HS
1022 1194 1164 1262 ducentis

175 1334 182 1340 ·
265 1300 486 1383 quinquaginta
509 1311 639 1369 milibus.
684 1310 771 1384 Quae
795 1316 966 1369 aestimatio
988 1331 1051 1369 non
1073 1312 1164 1370 modo

265 1418 465 1478 vehementer
488 1421 527 1477 ab
549 1424 665 1491 optimo
687 1440 818 1491 quoque,
841 1420 896 1478 sed
920 1424 1013 1478 etiam
1035 1441 1054 1477 a
1072 1420 1164 1492 plebe

265 1527 467 1599 reprenditur.
492 1527 599 1586 Dices:
609 1513 709 1599 ‘Quid
720 1531 813 1614 igitur
822 1547 929 1586 causae
940 1527 1000 1585 fuit
1008 1529 1035 1585 i'
1047 1528 1165 1586 Dicunt

264 1635 309 1694 illi
333 1635 458 1707 quidem
482 1637 631 1708 pudorem
658 1656 771 1708 meum,
797 1637 878 1708 quod
901 1656 1002 1708 neque
1027 1641 1165 1708 negarim
1250 1652 1252 1659 ’

265 1765 365 1816 neque
380 1745 593 1804 vehementius
607 1745 800 1817 postularim3
814 1745 869 1804 sed
883 1766 946 1803 non
961 1753 1009 1804 est
1025 1746 1072 1804 id:
1091 1766 1164 1803 nam

264 1853 323 1912 hoc
337 1854 462 1926 quidem
482 1858 575 1912 etiam
595 1853 766 1926 profuisset.
811 1854 925 1912 Verum
944 1854 1048 1926 iidem,
1065 1859 1108 1911 mi
1127 1826 1173 1912 ll¹

196 1921 233 1989 Γ
266 1961 422 2035 Pomponi,
446 1962 549 2033 iidem,
573 1967 706 2034 inquam,
731 1962 786 2033 illi,
815 1982 890 2034 quos
915 1982 955 2020 ne
979 1971 1014 2020 tu
1039 1963 1165 2034 quidem

264 2067 394 2135 ignoras,
417 2067 469 2135 qui
488 2063 564 2121 mihi
583 2069 691 2136 pinnas
710 2064 892 2135 inciderant,
907 2063 1018 2122 nolunt
1041 2064 1166 2123 easdem

222 2169 388 2263 Lrenasci.
433 2165 504 2236 Sed,
519 2172 555 2223 ut
569 2151 667 2237 spero,
682 2169 742 2223 iam
759 2173 966 2224 renascuntur.
1011 2165 1058 2223 Tu
1072 2167 1165 2224 modo

249 2312 252 2317 ⁴
264 2266 303 2324 ad
314 2285 369 2324 nos
379 2270 466 2334 veni;
484 2266 566 2337 quod
576 2285 682 2325 vereor
692 2286 733 2325 ne
742 2266 858 2325 tardius
869 2270 1045 2325 interventu
1055 2266 1165 2326 Varro-

264 2372 311 2426 nis
325 2371 371 2425 tui
386 2372 543 2439 nostrique
561 2367 661 2427 facias.
1154 2358 1159 2367 ’

306 2473 467 2546 Quoniam,
482 2481 550 2532 acta
564 2495 642 2546 quae
658 2479 729 2546 sint,
744 2476 849 2547 habes,
867 2475 907 2533 de
930 2475 1047 2547 reliqua
1061 2483 1166 2534 nostra

263 2580 448 2647 cogitatione
463 2595 620 2647 cognosce.
666 2577 733 2648 Ego
747 2597 797 2635 me
812 2597 830 2633 a
848 2576 992 2648 Pompeio
1010 2576 1108 2648 legari
1121 2582 1166 2635 ita
1184 2575 1188 2584 ’

262 2697 329 2735 sum
343 2682 502 2749 passus,'ut
516 2677 601 2735 nulla
609 2697 642 2735 re
657 2678 830 2750 impedirer.
876 2676 968 2749 Quod
982 2681 1041 2735 nisi
1052 2678 1166 2736 vellem

261 2777 337 2844 mihi
352 2785 433 2836 esset
447 2782 611 2850 integrum,
622 2786 668 2850 ut,
684 2783 709 2837 si
723 2782 846 2836 comitia
860 2798 1020 2836 censorum
1034 2782 1165 2850 proximi

262 2878 400 2937 consules
408 2879 569 2950 haberent,
576 2875 683 2951 petere
692 2899 822 2952 possem,
834 2884 966 2937 votivam
977 2879 1165 2950 legationem

261 2985 456 3053 sumpsissem
478 3000 573 3052 prope
596 2986 732 3039 omnium
761 2981 909 3052 fanorum,
935 2981 1090 3050 lucorum;
1121 2986 1165 3039 sic

262 3087 345 3140 enim
353 3088 475 3139 nostrae
485 3086 617 3140 rationes
625 3082 767 3140 utilitatis
778 3102 865 3140 meae
874 3082 1078 3154 postulabant.
1101 3082 1165 3140 Sed

261 3183 343 3242 'volui
357 3200 457 3241 meam
471 3190 657 3254 potestatem
672 3203 739 3242 esse
753 3183 803 3243 vel
823 3184 952 3256 petendi
966 3183 1016 3242 vel
1035 3186 1165 3241 ineunte

342 3270 407 3329 270
