2484 3854
457 252 627 360 naseos
648 300 830 361 ruamus
852 298 1002 362 crosso

281 421 447 493 diligenter
468 419 593 480 Latinos
613 429 649 480 ut
671 441 829 481 conserves
847 420 945 481 velim.
990 421 1090 482 Tuum
1111 443 1185 484 esse

281 516 340 574 hoc
349 517 561 575 munusculum
575 517 697 589 putabo.
724 517 775 577 Ad
789 517 951 578 Octavium
962 517 1034 577 dedi
1044 517 1169 579 litteras
1179 540 1187 585 ;

283 632 351 670 eum
373 616 438 683 ipso
459 612 535 669 nihil
557 632 640 671 eram
661 613 795 683 locutus3
826 633 926 685 neque
949 617 1031 672 enim
1048 618 1106 672 ista
1127 622 1185 673 tua

282 711 406 779 negotia
420 709 613 779 provincialia
627 728 693 768 esse
708 710 852 782 putabam
871 729 972 781 neque
986 719 1019 767 te
1034 714 1067 768 in
1080 711 1185 769 tocul-

282 803 412 861 lionibus
426 803 584 862 habebam.
619 803 680 863 Sed
695 809 809 877 scripsi,
824 813 859 865 ut
874 805 976 877 debui,
989 805 1168 877 diligenter.
1227 826 1228 833 ¹

718 1079 748 1137 ll

580 1194 685 1233 crcnno
700 1194 806 1233 emico
821 1195 879 1233 sar.

324 1272 411 1343 Cura,
426 1272 532 1329 amabo
546 1279 589 1343 te,
605 1272 782 1330 Ciceronem
796 1280 941 1330 nostrum.
986 1273 1023 1329 Ei
1043 1291 1098 1330 nos
1112 1297 1186 1331 συν-

283 1371 377 1426 νοσεῖν
391 1367 536 1425 videmur.
574 1366 769 1437 Πελληναίων
783 1372 815 1425 in
829 1369 967 1426 manibus
986 1368 1134 1426 tenebam
1150 1377 1186 1427 et

282 1463 406 1522 hercule
417 1483 562 1535 magnum
573 1484 713 1522 acervum
725 1464 903 1521 Dicaearchi
913 1464 989 1521 mihi
1000 1471 1073 1522 ante
1083 1464 1185 1536 pedes

282 1566 496 1623 exstmxeram.
542 1559 570 1618 Ο
589 1579 735 1631 magnum
753 1559 918 1631 hominem,
933 1568 966 1618 et
985 1559 1066 1617 unde
1081 1560 1186 1619 multo

283 1655 369 1727 plura
397 1654 538 1713 didiceris
566 1676 657 1726 quam
685 1655 725 1713 de
761 1655 901 1713 Procilio!
959 1654 1122 1726 Κορινθίων
1149 1665 1185 1715 et

283 1750 445 1821 Ἀθηναίων
467 1759 542 1823 puto
563 1770 613 1809 me
639 1752 750 1810 anae
776 1751 898 1809 habere.
936 1751 1014 1808 Mihi
1037 1751 1141 1823 crede,
1158 1758 1184 1811 si

282 1848 367 1918 leges
380 1846 466 1919 haec,
478 1837 588 1905 dices¹1
603 1847 747 1905 mirabilis
757 1851 803 1904 vir
816 1854 871 1905 est.
892 1844 1033 1917 Ἡρώδης,
1048 1850 1073 1903 si
1087 1846 1185 1905 homo

282 1951 372 2014 esset,
388 1962 458 2002 eum
479 1946 579 2015 potius
600 1942 719 2014 legeret
733 1962 824 2013 quam
838 1962 930 2000 unam
951 1941 1086 2000 litteram
1108 1949 1184 2000 scri-

283 2040 378 2097 beret.
402 2037 464 2111 Qui
478 2057 528 2096 me
543 2039 673 2110 epistula
686 2042 806 2110 petivit,
821 2037 860 2096 ad
874 2046 917 2109 te,
932 2045 967 2095 ut
982 2037 1080 2107 video,
1097 2057 1184 2096 com-

282 2140 382 2193 minus
396 2139 530 2193 accessit
575 2134 752 2192 Coniurasse
774 2132 897 2191 mallem
918 2153 1009 2205 quam
1031 2136 1183 2194 restitisse

281 2235 490 2301 coniurationi,
505 2234 530 2288 si
544 2230 630 2288 illum
644 2229 719 2289 mihi
733 2228 919 2288 audiendum
934 2237 1095 2299 putassem.
1130 2229 1183 2289 Dc

283 2315 373 2384 lolio²
387 2346 477 2385 sanus
491 2346 552 2383 non
568 2345 615 2394 es;
637 2324 676 2383 de
691 2329 762 2382 vino
775 2324 874 2383 laudo.

325 2421 387 2481 Sed
400 2421 477 2480 heus
491 2429 536 2492 tu,
551 2420 661 2493 ecquid
675 2421 760 2479 vides
783 2419 936 2479 Kalendas
950 2424 1065 2489 venire,
1080 2419 1182 2479 Anto-

282 2522 367 2576 nium
377 2536 439 2575 non
454 2518 577 2575 venire?
598 2516 712 2575 iudices
727 2517 814 2587 cogi?
843 2516 922 2572 Nam
936 2519 980 2572 ita
990 2515 1029 2572 ad
1042 2534 1093 2572 me
1107 2520 1182 2576 mit-

281 2621 363 2686 tunt,
374 2613 532 2684 Nigidium
542 2616 651 2670 minari
661 2616 693 2669 in
704 2616 846 2669 contione
857 2630 889 2668 se
900 2609 1042 2682 iudicem,
1053 2615 1106 2681 qui
1117 2631 1183 2673 non

282 2709 423 2780 adfuerit,
433 2707 692 2781 compellaturum.
716 2707 816 2765 Velim
826 2713 940 2778 tamen,
952 2710 976 2763 si
987 2704 1061 2777 quid
1072 2714 1130 2778 est,
1139 2706 1183 2770 de

315 2819 420 2880 ¹crede‚
434 2820 457 2868 si
469 2819 547 2882 leges
559 2818 634 2877 haec,
646 2816 721 2866 dices
729 2817 813 2866 Boot:
821 2815 916 2865 credes
928 2817 1005 2880 leges
1014 2815 1083 2864 haec
1092 2815 1184 2870 doceo

283 2884 321 2934 Z:
338 2885 436 2934 hredes
449 2886 510 2948 lege
522 2883 572 2932 hec
585 2883 670 2932 doceo
679 2882 718 2931 M.

315 2949 390 3000 ’Tne
400 2949 479 3000 MSS.
495 2950 562 2998 read
578 2948 676 3007 Lollio;
694 2948 741 2996 but
756 2948 828 3005 lolio,
842 2947 886 2995 the
904 2946 1019 3009 reading
1033 2947 1068 3010 of
1078 2946 1123 2997 the
1137 2954 1182 3003 ed,

276 3015 452 3080 Jensoniana
468 3015 591 3076 (Venice,
607 3013 682 3077 1470)
694 3014 718 3062 is
728 3013 873 3127 suptreorted
882 3012 915 3075 by
926 3012 996 3061 Reid
1005 3011 1073 3060 airh
1085 3029 1103 3061 a
1115 3020 1185 3081 refe.

283 3099 360 3133 rence
371 3087 397 3131 to
408 3083 492 3144 Pliny
504 3079 580 3130 Η.Ν.
594 3091 665 3138 xxii,
679 3080 733 3139 160,
748 3095 771 3127 w
806 3095 833 3128 re
844 3078 934 3127 lolium
947 3078 972 3126 is
984 3084 1187 3135 recommendet}

280 3149 406 3213 forgout.

370 3256 426 3306 112
