2498 3850
452 296 623 356 MARCUS
643 295 826 355 TULLIUS
848 294 998 368 CICERO

275 418 350 476 dum
364 426 432 476 acta
451 422 562 476 mensis
583 418 658 475 Maii
677 417 717 475 ad
736 437 790 475 nos
811 417 1012 488 perferantur,
1028 426 1104 489 puto
1123 414 1172 478 me

275 519 319 572 ita
334 534 399 573 esse
413 514 573 585 facturum,
586 512 649 584 sed,
662 514 723 584 ubi,
739 512 875 570 nondum
890 518 982 570 statui
994 533 1001 582 ;
1023 521 1116 586 atque
1130 520 1173 573 ita

275 611 453 682 perturbato
467 630 534 668 sum
548 614 648 668 animo
663 608 702 667 de
718 608 845 680 Quint0,
856 617 891 667 ut
903 608 979 666 nihil
991 629 1101 681 queam
1113 620 1172 669 sta-

275 713 373 777 tuere,
388 705 442 765 sed
457 714 561 764 tamen
576 709 680 764 statim
694 713 726 764 te
742 704 850 762 faciam
866 710 1033 763 certiorem.

317 802 364 860 Ex
379 801 576 873 epistularum
590 821 726 859 mearum
741 805 945 858 inconstantia
955 809 1031 872 puto
1042 809 1075 859 te
1086 823 1173 861 men·

274 902 314 956 tis
328 918 415 956 meae
429 905 548 955 motum
561 897 675 967 videre,
687 901 748 968 qui,
764 900 822 954 etsi
835 896 1006 954 incredibili
1022 905 1054 955 et
1068 902 1173 970 singu-

274 993 329 1051 lari
344 993 516 1051 calamitate
531 992 669 1050 adflictus
687 1012 763 1063 sum,
779 1000 884 1049 tamen
901 1012 963 1049 non
983 1001 1047 1050 tam
1067 1002 1115 1052 est
1136 1015 1174 1052 ex

255 1094 394 1168 *miseria
414 1109 505 1161 quam
527 1109 565 1147 ex
587 1087 694 1159 culpae
715 1096 837 1145 nostrae
858 1088 1068 1147 recordatione
1091 1110 1174 1148 com·

273 1193 381 1243 motus.
427 1186 518 1265 Cuius
534 1189 616 1241 enim
631 1183 744 1241 scelere
759 1182 881 1254 impulsi
895 1204 930 1240 ac
943 1184 1057 1255 proditi
1069 1168 1173 1258 simus

160 1357 165 1362 ⁸
273 1286 333 1338 iarn
353 1281 490 1352 profecto
512 1280 605 1351 vides,
620 1287 713 1351 atque
734 1283 852 1345 utinam
873 1283 933 1337 iam
954 1287 1027 1337 ante
1047 1266 1175 1341 vidisses

275 1396 375 1448 neque
390 1384 491 1434 totum
507 1381 642 1433 animum
660 1382 748 1433 tuum
766 1379 858 1432 errori
875 1395 996 1433 mecum
1013 1377 1103 1435 simul
1120 1378 1175 1437 de-

273 1472 368 1530 disses
380 1473 385 1529 !
424 1471 536 1544 Quare,
546 1492 615 1529 cum
626 1490 675 1528 me
687 1469 842 1539 adflictum
853 1478 885 1528 et
897 1470 1072 1529 confectum
1086 1473 1175 1533 luctu

273 1569 389 1640 audies,
404 1572 576 1626 existimato
597 1587 646 1624 me
667 1566 815 1627 stultitiae
835 1586 921 1623 meae
941 1586 1071 1638 poenam
1091 1559 1175 1628 ferre

211 1665 214 1670 ’
273 1668 393 1735 gravius
408 1683 499 1734 quam
514 1667 626 1733 eventi,
642 1661 723 1733 quod
742 1666 770 1719 ei
788 1661 978 1733 crediderim,
993 1682 1086 1734 quem
1106 1685 1174 1724 esse

274 1759 424 1817 nefarium
435 1780 496 1817 non
508 1763 647 1830 putarim.
693 1757 746 1814 Me
758 1765 791 1814 et
800 1777 936 1814 meorum
947 1758 1097 1817 malorum
1108 1781 1176 1820 mea

273 1859 368 1912 moria
383 1863 415 1912 et
429 1862 530 1912 metus
547 1853 586 1911 de
604 1853 698 1910 fratre
715 1857 748 1909 in
765 1852 924 1910 scribendo
940 1854 1079 1925 impedit.
1126 1857 1175 1917 Tu

273 1955 331 2007 ista
346 1955 447 2007 omnia
463 1950 533 2007 vide
552 1957 584 2007 et
601 1949 746 2020 guberna.
790 1947 935 2005 Terentia
951 1950 1008 2007 tibi
1025 1957 1176 2014 maximas

269 2050 385 2129 ,gratias
404 2050 475 2117 agit.
522 2045 708 2103 Litteramm
727 2044 911 2115 exemplum,
931 2064 1004 2116 quas
1024 2046 1064 2104 ad
1083 2047 1176 2108 Pom-

275 2146 378 2213 peium
394 2145 508 2213 scripsi,
522 2145 590 2198 misi
604 2141 668 2198 tibi.

318 2236 457 2295 Datami
474 2236 540 2294 Kal.
558 2236 660 2294 Iunias
674 2234 914 2293 Thessalonicae.

674 2475 742 2532 ἸΧ

570 2589 674 2629 crosno
689 2589 795 2629 arrico
809 2590 867 2628 snt.

60 2661 118 2720 Sor.
138 2663 258 2723 Thessa·
314 2667 448 2739 Quintus
462 2668 556 2726 frater
573 2687 643 2725 cum
660 2686 698 2724 ex
709 2666 788 2724 Asia
805 2666 992 2744 discessisset
1009 2679 1082 2753 ante
1102 2673 1172 2732 Kal.

62 2743 167 2804 &mim
180 2747 223 2806 Id·
273 2764 369 2822 Maias
384 2771 417 2821 et
434 2763 573 2822 Athenas
590 2767 724 2820 venisset
742 2761 856 2833 Idibus,
871 2763 959 2822 valde
977 2765 1083 2825 fuitei
1102 2789 1170 2841 pro

61 2827 121 2887 Iun
139 2851 164 2890 a·
182 2833 244 2890 696
271 2859 449 2931 perandum,
458 2879 498 2916 ne
508 2859 581 2930 quid
590 2859 698 2915 absens
706 2861 858 2929 acclperet
868 2859 1057 2934 calamitatrs
1067 2869 1092 2921 si
1104 2871 1170 2937 quis

271 2955 351 3014 forte
371 2954 488 3026 fuisset,
504 2959 556 3025 qui
577 2961 740 3011 contentus
759 2959 869 3012 nostris
889 2956 976 3015 malis
995 2978 1057 3017 non
1078 2971 1167 3021 esset

265 3052 380 3123 ,Itaque
395 3070 466 3109 eum
480 3050 574 3108 malui
588 3069 748 3120 properare
765 3049 891 3108 Romam
901 3071 993 3122 quam
1003 3054 1043 3113 ad
1053 3076 1104 3115 me
1119 3078 1172 3116 ve.

204 3166 206 3171 ·
270 3152 335 3205 nire
356 3154 389 3204 et
408 3146 497 3226 simul
515 3133 627 3215 (dicam
647 3145 838 3216 enim„qu0d
855 3167 961 3205 verum
979 3158 1035 3222 est,
1055 3172 1093 3210 ex
1111 3173 1178 3225 quo

354 3247 413 3299 208
