2484 3854
65 2029 123 2087 Sor.
141 2030 169 2087 iu

66 2113 217 2170 Formiano

66 2196 137 2253 iuter
151 2196 201 2253 XI
212 2204 249 2254 et-

66 2279 121 2335 ΙΙΙ
128 2279 166 2335 Κ.
180 2279 253 2337 Mai.

67 2383 92 2418 a.
107 2363 169 2419 695

457 306 626 366 MARCUS
648 305 830 366 TULLIUS
852 306 1002 365 CICERO

279 428 360 500 quod
381 430 485 487 scribis
507 429 597 499 sileri,
613 432 656 485 ita
674 429 836 499 putabam3
857 436 890 486 at
911 427 1035 486 hercule
1050 432 1083 485 in
1097 434 1172 500 agris
1231 448 1232 487 λ

279 550 340 586 non
356 530 470 600 siletur,
485 550 543 587 nec
563 534 622 586 iam
642 533 699 601 ipsi
712 533 778 600 agri
796 548 926 599 regnum
940 537 1074 587 vestrum
1095 529 1172 589 ferre

279 639 412 701 possunt.
441 631 472 690 Si
487 651 558 689 vero
572 635 605 687 in
618 629 697 687 hanc
712 628 886 699 Τηλέπυλον
899 635 1018 688 veneris
1033 629 1174 703 Λαιστρο

279 729 387 801 γονίην,
405 732 538 789 Formias
559 731 637 802 dico,
655 734 706 802 qui
728 729 867 788 fremitus
888 730 1063 789 hominum!
1086 752 1174 803 quam

278 835 346 889 irati
368 833 482 888 animi?
508 840 623 903 quanto
637 836 670 888 in
684 832 753 889 odio
772 840 876 890 noster
891 836 1003 890 amicus
1026 833 1173 904 Magnus!

279 937 363 991 cuius
382 954 552 1005 cognomen
573 954 633 990 una
655 954 724 991 cum
746 934 841 991 Crassi
864 934 974 991 Divitis
996 940 1176 1005 cognomine

278 1021 475 1093 consenescit.
517 1034 628 1092 Credas
642 1034 716 1091 mihi
731 1034 832 1105 velim,
847 1038 1002 1092 neminem
1016 1034 1116 1092 adhuc
1131 1037 1175 1094 of-

278 1135 373 1207 fendi,
397 1141 449 1207 qui
473 1135 548 1194 haec
571 1144 635 1194 tam
658 1136 753 1207 lente,
777 1156 867 1207 quam
889 1155 949 1205 ego
971 1136 1047 1206 fero,
1070 1135 1173 1196 ferret.

279 1236 391 1307 Quare,
405 1238 480 1294 mihi
495 1237 596 1308 crede,
608 1236 822 1307 φιλοσοφῶμεν.
849 1236 968 1294 Iuratus
982 1238 1040 1294 tibi
1054 1257 1177 1309 possum

278 1337 380 1395 dicere
395 1337 471 1394 nihil
491 1357 557 1395 esse
574 1342 661 1395 tanti.
706 1336 752 1395 Tu
775 1342 799 1396 si
821 1337 939 1396 litteras
960 1337 999 1394 ad
1021 1337 1178 1410 Sicyonios

278 1437 381 1508 habes,
397 1437 504 1495 advola
517 1442 550 1494 in
570 1439 772 1509 Formianum,
788 1438 939 1496 undenos
959 1438 1057 1510 pridie
1072 1440 1178 1499 Nonas

279 1538 374 1596 Maias
390 1542 564 1609 cogitamus.

576 1951 680 1989 CICERO
695 1950 801 1989 ATTICO
816 1950 873 1988 SAL.

321 2031 475 2104 Quantam
499 2041 533 2090 tu
555 2032 631 2090 mihi
653 2052 755 2089 moves
776 2036 1035 2102 exspectationem
1054 2032 1095 2090 de
1115 2055 1181 2094 ser·

278 2155 369 2192 mone
381 2134 490 2205 Bibuli,
500 2142 645 2205 quantam
656 2133 695 2191 de
708 2133 856 2204 colloquio
867 2131 1017 2203 βοώπιδος,
1030 2143 1180 2205 quantam

279 2240 372 2293 etiam
400 2235 439 2293 de
468 2236 521 2292 illo
550 2234 682 2293 delicato
710 2235 863 2291 convivio!
898 2233 1028 2292 Proinde
1056 2239 1100 2293 ita
1131 2238 1181 2296 fac

279 2341 381 2394 venias
402 2345 438 2394 ut
456 2336 495 2393 ad
517 2341 655 2394 sitientes
677 2355 771 2393 aures.
816 2334 1007 2406 Quamquam
1030 2335 1108 2393 nihil
1132 2348 1182 2398 est
1231 2404 1232 2419 χ

288 2457 347 2507 am,
363 2437 445 2508 quod
466 2442 562 2508 magis
585 2435 756 2494 timendum
778 2437 865 2493 nobis
886 2443 1002 2507 putem,
1022 2456 1116 2507 quam
1139 2460 1181 2498 ne
1231 2428 1232 2439 λ

278 2537 330 2595 ille
349 2546 453 2596 noster
472 2539 735 2610 Sampsiceramus,
751 2557 820 2594 cum
834 2557 866 2594 se
881 2541 1016 2594 omnium
1030 2547 1182 2599 sermoni-

277 2639 334 2696 bus
355 2644 470 2696 sentiet
492 2638 643 2710 vapulare,
662 2646 695 2695 et
714 2658 783 2694 cum
802 2637 856 2695 has
875 2642 1010 2695 actiones
1032 2636 1204 2713 olavam?

277 2763 365 2801 πτους
376 2739 501 2810 videbit,
513 2759 600 2797 ruere
611 2742 744 2809 incipiat.
769 2738 835 2808 Ego
845 2746 949 2796 autem
957 2758 1053 2809 usque
1063 2760 1101 2798 eo
1110 2761 1183 2802 sum

278 2848 448 2911 enervatus,
462 2844 499 2898 ut
519 2839 577 2896 hoc
595 2843 666 2909 otio,
682 2858 742 2910 quo
762 2858 844 2895 nunc
865 2838 1057 2911 tabescimus,
1072 2842 1183 2902 malim
1231 2892 1232 2913 ,

278 2938 507 3011 ἒντυροννεῖσθαι
522 2950 696 3011 quamcum
711 2943 826 3011 optima
840 2958 894 3012 spe
909 2939 1060 3000 dimicare.

320 3040 368 3098 De
383 3040 545 3113 pangendo
556 3040 638 3111 quod
651 3059 701 3097 me
713 3040 818 3097 crebro
828 3039 1006 3111 adhortariS,
1018 3041 1084 3099 lieri
1099 3042 1183 3101 nihil

277 3149 386 3212 potest.
425 3141 583 3199 Basilicam
597 3140 705 3210 habeo,
719 3159 781 3196 non
792 3140 904 3212 villam,
915 3140 1089 3212 frequentia
1105 3143 1183 3201 For-

364 3247 421 3308 146
