2484 3854
449 312 618 376 MARCUS
639 312 822 375 TULLIUS
843 315 994 375 CICERO

272 441 489 507 possessiones3
511 441 535 494 is
551 441 633 495 enim
648 445 696 495 est
709 445 813 495 noster
827 443 988 509 exercitus,
999 439 1167 510 hominum,

271 553 307 601 ut
320 552 388 603 tute
404 549 470 616 scis,
485 545 699 617 locupletium3
720 546 832 617 populo
846 555 950 604 autem
970 554 1003 604 et
1024 547 1168 618 Pompeio

270 640 355 721 (nam
374 653 406 711 id
429 674 548 724 quoque
563 641 715 723 volebam)
736 659 808 711 satis
829 654 977 712 faciebam
999 659 1166 727 emptione,

270 780 330 831 qua
344 766 509 820 constituta
523 762 688 831 diligenter
702 770 735 820 et
754 766 905 820 sentinam
919 764 1001 820 urbis
1016 762 1168 820 exhauriri

270 877 303 926 et
327 868 433 926 Italiae
455 869 649 927 solitudinem
671 869 858 941 frequentari
880 890 967 942 posse
990 871 1165 928 arbitrabar.

270 977 331 1035 Sed
345 977 421 1035 haec
432 971 497 1035 tota
507 998 555 1058 res
566 978 760 1049 interpellata
770 978 852 1036 bello
863 978 1028 1037 refrixerat.
1053 979 1166 1037 Metel-

268 1085 315 1142 lus
336 1093 382 1143 est
406 1086 509 1144 consul
529 1107 601 1144 sane
621 1089 717 1144 bonus
738 1096 770 1145 et
790 1107 844 1144 nos
863 1086 1027 1144 admodum
1048 1086 1167 1161 diligit3

268 1192 319 1251 ille
334 1194 412 1252 alter
426 1194 502 1251 nihil
517 1199 560 1252 ita
575 1202 631 1265 est,
646 1202 681 1252 ut
700 1179 800 1266 plane,
816 1195 890 1266 quid
905 1199 1023 1265 emerit,
1038 1200 1163 1254 nesciat.

222 1311 260 1359 s.
269 1302 357 1358 Haec
368 1310 440 1360 sunt
454 1307 485 1358 in
499 1323 533 1359 re
547 1302 677 1373 publica,
689 1306 747 1360 nisi
762 1307 854 1360 etiarn
865 1301 941 1361 illud
955 1302 993 1359 ad
1008 1323 1073 1360 rem
1087 1305 1165 1374 pub-

267 1408 356 1466 licam
367 1418 455 1481 putas
464 1414 628 1481 pertinere,
637 1412 829 1468 Herennium
839 1411 1001 1482 quendam,
1007 1411 1166 1470 tribunum

267 1518 319 1589 pl.,
344 1519 488 1576 tribulem
511 1527 598 1576 tuum
627 1540 699 1577 sane
727 1520 883 1577 hominem
912 1539 1042 1590 nequam
1070 1528 1164 1591 atque

268 1635 421 1698 egentem,
437 1647 527 1698 saepe
549 1632 608 1684 iam
630 1627 669 1685 de
692 1627 723 1684 P.
741 1627 846 1685 Clodio
860 1627 899 1685 ad
921 1628 1043 1699 plebem
1061 1629 1164 1698 tradu-

267 1735 365 1793 cendo
379 1755 469 1806 agere
481 1741 622 1807 coepisse.
665 1737 748 1793 Huic
762 1735 940 1806 frequenter
953 1737 1161 1797 interceditur.

267 1845 354 1902 Haec
370 1851 451 1914 sunt,
466 1852 502 1901 ut
517 1848 632 1916 opinor,
647 1848 679 1901 in
694 1864 727 1901 re
741 1844 870 1915 publiea.
1144 1833 1146 1838 ¹

267 1994 274 2011 2
308 1952 374 2022 Ego
388 1960 501 2022 autem,
517 1960 553 2010 ut
567 1952 661 2010 semel
681 1953 837 2010 Nonarum
852 1952 970 2010 illarum
986 1953 1163 2014 Decembri-

264 2074 316 2110 um
331 2058 466 2110 iunctam
484 2053 597 2110 invidia
611 2073 645 2110 ac
660 2053 825 2110 multorum
843 2057 1006 2111 inimicitiis
1021 2058 1164 2113 eximiam

265 2155 416 2226 quandam
431 2162 523 2225 atque
538 2154 740 2212 immortalem
754 2154 880 2226 gloriam
891 2161 1071 2213 consecutus
1085 2176 1161 2226 sum,

264 2277 326 2313 non
340 2256 444 2315 destiti
464 2256 571 2314 eadem
591 2260 684 2313 animi
702 2256 913 2327 magnitudine
933 2260 966 2312 in
987 2276 1020 2314 re
1042 2258 1163 2329 publica

263 2362 376 2416 versari
397 2366 430 2415 et
450 2358 533 2415 illam
555 2361 727 2415 institutam
741 2378 775 2414 ac
790 2365 961 2429 susceptum
978 2358 1162 2429 dignitatem

263 2462 353 2529 tueri,
365 2458 429 2529 sed,
440 2467 637 2530 posteaquam
648 2463 778 2530 primum
790 2458 876 2516 Clodi
886 2458 1076 2517 absolutione
1087 2460 1161 2518 levi·

256 2567 359 2618 tatem
384 2560 653 2631 infirmitatemque
677 2559 855 2618 iudiciorum
877 2563 1026 2632 perspexi,
1047 2560 1161 2620 deinde

262 2661 324 2719 vidi
338 2669 456 2729 nostros
470 2661 647 2733 publicanos
661 2661 750 2719 facile
765 2682 783 2718 a
797 2670 904 2720 senatu
916 2660 1043 2732 diiungi,
1055 2682 1161 2733 quam-

150 2780 152 2784 ·
262 2782 353 2834 quam
366 2783 384 2820 a
398 2782 448 2820 me
464 2767 528 2834 ipso
540 2782 602 2819 non
616 2762 844 2833 divellerentur,
856 2771 922 2820 tum
937 2769 1040 2820 autem
1054 2764 1162 2823 beatos
1230 2806 1231 2815 η

261 2864 409 2935 homines,
418 2864 474 2921 hos
490 2868 663 2935 piscinarios
673 2864 741 2921 dico
749 2868 860 2921 amicos
870 2871 947 2934 tuos,
956 2865 1162 2925 nonobscure
1230 2888 1231 2895 ¹

261 2966 348 3024 nobis
362 2964 509 3036 invidere,
524 2969 629 3037 putavi
644 2964 720 3022 mihi
739 2968 866 3022 maiores
880 2964 1025 3035 quasdam
1039 2985 1112 3037 opes
1128 2976 1164 3027 et
1230 2976 1231 3011 ³

261 3067 390 3125 firmiora
409 3065 558 3138 praesidia
574 3084 639 3123 esse
661 3065 872 3139 quaerendae(
888 3064 996 3135 Itaque
1017 3071 1167 3141 primum,

260 3189 331 3227 eum
345 3172 397 3240 qui
411 3172 538 3224 nimium
554 3167 605 3224 diu
621 3166 660 3224 de
675 3166 764 3224 rebus
779 3172 889 3226 nostris
907 3172 1053 3238 tacuerat,
1070 3165 1163 3229 Pom·
1230 3146 1231 3153 ἵ

344 3249 382 3311 86
