2494 3854
434 306 604 378 MARCUS
624 318 807 379 TULLIUS
829 319 978 378 CICERO

261 441 356 499 Roma
372 461 548 513 acceperam
567 440 685 498 litteras
705 441 854 498 Milonem
872 459 975 498 meum
994 444 1081 511 queri
1100 460 1158 512 per
1243 466 1244 475 2

259 534 377 594 litteras
392 540 532 593 iniuriam
546 556 656 606 meam,
671 536 753 606 quod
768 535 947 594 Philotimus
962 540 1059 593 socius
1074 543 1158 594 esset

234 629 237 634 ’
259 637 292 690 in
309 633 395 691 bonis
416 637 485 690 suis.
530 631 568 689 Id
590 652 647 702 ego
668 636 712 690 ita
733 631 797 690 lieri
818 632 899 689 volui
919 632 959 690 de
981 632 1012 689 C.
1036 631 1157 689 Duroni

260 733 423 799 sententia,
438 736 530 800 quem
544 735 577 786 et
591 732 805 786 amicissimum
819 727 928 786 Miloni
941 747 1157 800 perspexeram

261 833 294 883 et
307 824 403 882 talem
417 828 525 895 virum,
540 824 662 895 qualem
675 832 710 882 tu
728 824 852 894 iudicas,
866 843 1036 896 cognoram.
1082 823 1157 882 Eius

260 927 364 978 autem
379 920 538 977 consilium
552 939 716 991 meumque
730 919 788 977 hoc
802 920 912 991 fuerat,
926 924 1058 992 primum
1073 926 1110 977 ut
1124 923 1157 977 in

260 1024 414 1088 potestate
435 1023 539 1074 nostra
559 1024 641 1074 esset
668 1036 727 1087 res,
748 1036 788 1074 ne
810 1016 897 1074 illum
918 1015 1014 1074 malus
1036 1024 1157 1088 emptor
1214 1050 1216 1053 v

260 1113 377 1171 alienus
396 1116 563 1184 mancipiis,
581 1132 659 1184 quae
675 1112 828 1184 permulta
847 1129 950 1170 secum
966 1112 1071 1185 habet,
1089 1132 1157 1185 spo-

259 1209 359 1279 liaret,
374 1208 486 1267 deinde
501 1216 536 1266 ut
552 1208 691 1280 Faustae,
702 1213 751 1265 cui
765 1216 887 1267 cautum
902 1209 954 1266 ille
969 1228 1035 1267 esse
1046 1209 1157 1267 voluis-

261 1313 318 1375 set,
337 1312 437 1362 ratum
459 1312 547 1362 esset.
593 1303 667 1361 Erat
688 1308 781 1363 etiam
802 1303 888 1374 illud,
910 1312 945 1362 ut
965 1309 1023 1377 ipsi
1044 1325 1110 1376 nos,
1132 1310 1159 1363 si

261 1400 335 1472 quid
349 1403 459 1458 servari
470 1407 583 1471 posset,
593 1419 684 1470 quam
695 1399 837 1458 facillime
848 1390 1042 1458 servaremus,
1066 1401 1160 1460 Nunc
1243 1390 1244 1471 l

262 1516 327 1554 rem
348 1504 445 1555 totam
466 1500 628 1568 perspicias
649 1496 756 1565 velim;
777 1497 864 1554 nobis
883 1500 966 1557 enim
984 1498 1162 1556 scribuntur
1243 1566 1244 1583 χ

263 1612 353 1664 saepe
367 1596 487 1649 maiora.
532 1591 564 1650 Si
583 1592 635 1650 ille
653 1596 800 1663 queritur,
814 1596 840 1649 si
856 1593 961 1650 scribit
976 1592 1016 1650 ad
1035 1597 1160 1666 amicoS,
1242 1594 1244 1655 l

262 1693 288 1746 si
309 1688 391 1746 idem
413 1687 523 1747 Fausta
547 1688 622 1759 vult,
650 1687 838 1758 Philotimus,
860 1695 895 1745 ut
920 1707 978 1759 ego
1003 1692 1032 1746 ei
1057 1708 1161 1747 coram
1243 1728 1244 1771 3

263 1784 408 1854 dixeram,
422 1783 558 1855 mihique
573 1784 625 1841 ille
639 1790 806 1855 receperat,
821 1802 861 1841 ne
876 1787 916 1841 sit
929 1786 1026 1841 invito
1041 1783 1162 1844 Milone
1243 1776 1244 1821 3

210 1873 217 1887 ⁸
264 1884 296 1936 in
310 1875 404 1936 bonis.
442 1878 528 1936 Nihil
542 1880 628 1937 nobis
643 1879 744 1937 fuerat
758 1883 844 1936 tant'a
883 1879 937 1938 Sin
955 1879 1031 1937 haec
1045 1879 1163 1939 leviora

263 1981 345 2045 sunt,
362 1980 397 2032 tu
415 1973 568 2032 iudicabis.
613 1974 751 2046 Loquere
769 1995 838 2032 cum
856 1974 1001 2032 Duronio.
1045 1973 1163 2049 Scripsi
1243 1964 1244 1991 l

263 2074 356 2127 etiam
375 2070 414 2127 ad
434 2069 604 2141 Camillum,
619 2070 658 2128 ad
680 2070 815 2127 Lamiam
837 2090 934 2141 eoque
955 2075 1061 2142 magis,
1069 2074 1164 2144 ,quod

262 2180 324 2225 non
339 2165 527 2225 confidebam
547 2167 658 2224 Romae
678 2173 711 2224 te
730 2185 805 2225 esse.
850 2167 974 2226 Summa
993 2170 1052 2226 erit
1070 2167 1160 2229 haec.

263 2261 395 2332 statues,
410 2269 446 2319 ut
460 2281 497 2319 ex
512 2261 581 2332 fide,
597 2262 677 2319 fama
690 2275 784 2333 reque
798 2281 867 2319 mea
881 2263 1040 2321 videbitur.

687 2660 732 2717 IX

554 2775 658 2813 cronno
679 2776 785 2814 arrico
806 2776 864 2828 sat.

52 2850 110 2909 Ser.
128 2850 192 2909 Acri
294 2850 429 2908 ‘Actium
454 2855 592 2909 venimus
617 2873 642 2909 a.
662 2852 690 2910 d.
710 2871 771 2910 xvn
795 2853 860 2911 Kal.
885 2852 1067 2929 Quinctiles,
1090 2870 1163 2917 cum
1243 2882 1244 2885 ¹

52 2932 149 2992 XVII
159 2934 197 2993 K·
263 2947 386 3018 quidem
401 2955 434 3005 et
448 2948 594 3018 Corcyrae
613 2954 645 3005 et
662 2948 784 3020 Sybotis
801 2952 976 3008 muneribus
994 2956 1066 3025 tuis,
1081 2973 1163 3025 quae

53 3015 145 3084 Quml·
154 3038 179 3077 α·
189 3019 250 3079 7⁰3
263 3050 295 3100 et
306 3042 403 3100 Araus
415 3050 447 3100 et
457 3062 543 3100 meus
557 3047 670 3101 amicus
682 3044 870 3116 Eutychides
885 3052 1008 3120 opipare
1024 3057 1057 3107 ct
1071 3053 1162 3121 φιλο-

262 3141 482 3215 προσηνέστατα
510 3144 597 3202 uobis
626 3154 851 3218 congesserant,
880 3146 996 3220 epulati
1024 3170 1163 3214 essemus
1243 3150 1244 3223 J

347 3269 406 3321 354
