2526 3850
66 1778 124 1836 Sor.
141 1778 170 1835 ia

67 1945 137 2016 Apr.
154 1953 203 2004 aot

67 2027 140 2086 Mai.
158 2050 184 2087 a.
204 2026 266 2088 698

423 346 427 352 -
448 304 618 364 MARCUS
639 303 821 364 TULLIUS
844 303 993 364 CICERO

272 427 432 486 librariolis
450 428 526 486 duos
543 428 669 499 aliquos
687 428 796 499 quibus
811 426 964 498 Tyrannio
980 434 1085 485 utatur
1101 427 1173 497 glu-

273 525 463 594 tinatoribus,
479 524 518 582 ad
536 532 638 582 cetera
655 524 850 593 administris,
865 527 961 594 iisque
979 527 1120 595 imperes
1136 531 1174 580 ut

273 627 395 678 sumant
408 619 658 690 membranulam,
674 639 712 677 ex
727 639 786 690 qua
799 619 915 678 indices
930 620 1013 689 fiant,
1028 639 1103 690 quos
1119 639 1174 676 vos

239 714 241 717 ’
275 716 395 787 Graeci,
409 723 445 773 ut
459 720 575 787 opinor,
586 714 754 786 σιλλύβους
765 716 933 787 appellatis
971 714 1033 773 Sed
1048 715 1135 786 haec,
1147 720 1173 772 si

274 807 330 869 tibi
346 816 404 869 erit
419 812 618 869 commodum.
664 810 734 883 lpse
749 831 820 869 vero
835 816 941 882 utique
956 811 1003 868 fac
1018 815 1132 881 venias
1148 815 1174 868 si

274 915 362 980 potes
381 911 414 965 in
433 906 480 965 his
499 907 573 964 locis
592 906 809 964 adhaerescere
829 914 863 964 et
883 905 989 964 Piliam
1008 907 1172 965 adducere.

275 1003 324 1061 lta
347 1007 429 1061 enim
452 1010 485 1061 et
507 1022 638 1073 aequum
662 1010 709 1060 est
733 1010 765 1060 et
790 1007 875 1073 cupit
897 1002 1004 1060 Tullia.
1050 1002 1175 1060 Medius

274 1099 362 1157 fidius
381 1119 421 1156 ne
440 1105 476 1156 tu
493 1103 595 1157 emisti
610 1087 719 1169 λόχον1
740 1097 935 1169 praeclarum.
981 1098 1176 1177 Gladiatores

275 1195 365 1252 audio
382 1214 518 1266 pugnare
537 1194 669 1252 mirifice.
716 1194 747 1252 Si
765 1193 864 1252 locare
882 1194 1036 1264 voluisses
1054 1193 1184 1252 duobus·
1226 1258 1249 1274 ,Δ

276 1291 322 1348 his
337 1291 513 1348 muneribus
527 1291 605 1347 liber
619 1279 724 1347 esses²
765 1290 826 1348 Sed
840 1288 916 1348 haec
931 1294 1089 1361 posterius
1127 1289 1175 1347 Tu
1232 1300 1253 1351 5

276 1385 324 1443 fac
339 1390 441 1443 venias
457 1392 489 1442 et
503 1386 543 1444 de
557 1385 695 1456 librariis,
711 1389 736 1442 si
750 1406 799 1443 me
814 1406 906 1457 amas,
922 1386 1095 1456 diligenter.

713 1588 741 1646 V

577 1701 681 1740 cresso
695 1701 801 1740 arrico
815 1702 873 1741 sna.

319 1779 381 1837 Ain
398 1780 453 1837 tu?
474 1799 513 1836 sn
532 1799 583 1837 me
603 1783 757 1838 existimas
776 1781 815 1837 ab
834 1778 897 1837 ullo
914 1779 1007 1839 malle
1026 1799 1095 1838 mea
1113 1780 1177 1852 legi

68 1861 221 1919 Anllallm·
277 1877 458 1949 probarique
484 1895 575 1947 quam
599 1895 617 1932 a
642 1876 694 1933 te?
737 1875 797 1934 Cur
824 1880 919 1946 igitur
944 1880 1083 1948 cuiquam
1107 1881 1178 1935 misi

278 2070 349 2126 bam
374 2067 536 2140 exemplar.
581 2066 684 2140 Quid?
727 2067 828 2125 Etiam
853 2055 984 2137 (dudum
1009 2073 1092 2126 enim
1121 2074 1178 2126 cir·

279 2163 432 2235 cumrodo,
455 2163 537 2235 quod
558 2163 766 2222 devorandum
787 2151 849 2233 est)
870 2164 1080 2235 subturpicula
1101 2165 1178 2223 mihi

279 2248 440 2319 videbatur
461 2278 527 2318 esse
548 2257 716 2329 παλινῳδία.
761 2258 823 2317 Sed
840 2258 962 2316 valeant
983 2267 1076 2330 recta,
1096 2280 1178 2332 vera,
1260 2310 1261 2323 .

279 2356 409 2414 honesta
422 2354 554 2412 consilia.
600 2354 670 2411 Non
685 2361 733 2413 est
743 2354 899 2425 credibile,
910 2375 989 2425 quae
1000 2360 1040 2413 sit
1050 2355 1179 2427 perfidia

280 2457 313 2509 in
333 2454 400 2509 istis
420 2450 616 2522 principibus,
636 2456 671 2507 ut
692 2450 799 2507 volunt
821 2469 887 2507 esse
909 2457 942 2508 et
962 2458 999 2508 ut
1020 2458 1135 2522 essent,
1154 2456 1179 2509 si
1259 2432 1260 2447 ἵ

281 2551 442 2619 quicquam
452 2544 603 2603 haberent
613 2546 692 2603 fidei.
727 2545 897 2615 Senseram‚
908 2565 1013 2605 noram
1023 2546 1178 2620 inductus,
1259 2526 1260 2539 ἵ

280 2643 415 2713 relictuS,
429 2646 582 2714 proiectus
596 2642 693 2698 abiis.
727 2641 844 2698 Tamen
858 2639 916 2698 hoc
928 2662 1011 2700 eram
1020 2647 1134 2714 animo,
1144 2651 1178 2701 ut
1251 2666 1259 2689 ε

281 2758 351 2797 cum
367 2743 404 2796 iis
420 2742 453 2794 in
470 2757 503 2795 re
520 2737 642 2810 publiea
658 2740 870 2796 consentirem.
915 2736 1004 2795 Idem
1021 2746 1111 2796 erant
1127 2743 1178 2810 qui
1236 2728 1246 2748 Χ

281 2834 411 2893 fuerant.
455 2833 514 2890 Vix
536 2832 698 2905 aliquando
719 2840 752 2891 te
774 2839 898 2891 auctore
919 2837 1041 2905 resipui.
1086 2835 1178 2893 Dices

282 2950 319 2989 ea
331 2936 364 2988 te
378 2933 542 2999 monuisse,
556 2933 694 3000 suasisse,
709 2947 786 3000 quae
801 2927 945 2999 facerem,
959 2948 1021 2986 non
1037 2933 1130 2988 etiam
1143 2938 1178 2989 ut
1256 2928 1258 2965 l

210 3102 213 3105 Ι
282 3027 453 3084 scriberem.
498 3024 565 3095 Ego
579 3023 755 3083 mehercule
769 3024 845 3081 mihi
861 3028 1079 3084 necessitatem
1098 3026 1178 3087 volui
1254 3066 1257 3089 ⁴

420 3122 510 3183 Ιλόχον
525 3121 630 3175 Bosius3
648 3122 734 3169 locum
746 3121 800 3179 M.;
817 3119 908 3169 ludum
921 3121 1039 3175 Ernesti.
1127 3120 1130 3123 ’

480 3184 577 3265 filiber
588 3203 665 3237 esses
679 3187 754 3244 Pius;
772 3185 918 3243 liberasses
929 3187 971 3241 M.

364 3271 424 3324 282

278 1973 380 2044 prius?
424 1971 563 2042 Urgebar
577 1971 615 2028 ab
630 1991 677 2042 eo,
693 1971 732 2029 ad
749 1991 841 2042 quem
859 1975 937 2043 misi,
953 1979 986 2030 et
1003 1992 1065 2029 non
1081 1971 1177 2031 habe·
1259 1968 1262 2040 l
