2494 3854
438 310 608 369 MARCUS
629 310 812 370 TULLIUS
834 311 983 371 CICERO

262 460 377 512 omnes,
396 442 450 500 sed
470 447 563 501 etiam
582 464 716 501 rumores
736 463 959 516 cognoscamus.
1004 445 1063 502 Eas
1082 410 1171 501 acci·⁸
1233 394 1242 483 Ι

262 543 380 611 piemus
396 540 537 600 Brundisi
545 562 553 611 ;
574 544 616 600 ibi
631 547 713 601 enim
730 544 925 616 Pomptinum
938 543 977 602 ad
989 564 1056 601 eam
1067 540 1160 614 diem,

263 654 354 706 quam
375 644 409 694 tu
435 642 589 709 scripsisti,
612 648 788 711 exspectare
814 640 971 697 consilium
996 648 1052 698 est.
1097 640 1161 698 Nos

263 731 389 790 Tarenti
407 753 483 804 quos
503 755 573 792 cum
594 736 737 807 Pompeio
755 735 907 806 διαλόγους
927 736 967 794 de
986 757 1020 796 re
1039 736 1162 808 publica

263 827 467 900 habuerimus,
476 829 516 887 ad
526 837 559 888 te
571 832 799 902 perscribemus.
844 831 911 889 Etsi
924 831 957 889 id
970 835 1069 904 ipsum
1084 835 1162 890 scire

263 927 361 995 cupio,
376 924 459 995 quod
477 925 517 983 ad
536 933 658 998 tempus
677 934 762 984 recte
782 926 821 984 ad
840 934 873 984 te
893 928 1024 994 scribere
1038 931 1162 998 possim,
1187 928 1192 936 ’

262 1019 295 1077 id
309 1026 357 1077 est
371 1040 462 1091 quam
477 1021 529 1078 diu
547 1022 658 1079 Romae
673 1021 793 1080 futurus
813 1026 862 1093 sis,
877 1029 913 1080 ut
931 1030 994 1093 aut,
1009 1042 1070 1094 quo
1089 1023 1163 1081 dem

189 1113 191 1119 ’
262 1116 388 1188 posthac
409 1118 537 1189 litteras,
560 1121 661 1189 sciam,
683 1125 737 1175 aut
761 1138 801 1175 ne
827 1118 899 1176 dem
923 1118 1043 1177 frustra.
1088 1119 1162 1191 Sed,

262 1220 426 1284 antequam
437 1213 634 1285 proficiscare,
644 1217 750 1284 utique
762 1214 946 1285 explicatum
958 1218 997 1272 sit
1007 1214 1084 1272 illud
1095 1215 1160 1274 HS.

262 1309 311 1368 >Et
322 1316 354 1366 et
366 1311 463 1370 ffcc.
507 1310 577 1367 Hoc
588 1310 680 1367 velim
690 1314 722 1366 in
733 1313 870 1368 maximis
881 1311 971 1368 rebus
983 1318 1016 1368 et
1029 1314 1163 1370 maxime

262 1408 438 1461 necessariis
458 1404 580 1474 babeas
598 1413 643 1476 ut,
661 1405 742 1476 quod
763 1413 886 1463 auctore
908 1412 940 1463 te
962 1405 1041 1463 velle
1064 1411 1163 1478 coepi,
1241 1434 1242 1485 3

262 1499 400 1557 adiutore
415 1499 571 1570 adsequar.

688 1722 731 1778 VI

561 1837 786 1876 crcuuoffllco
800 1838 859 1875 SAL.

51 1909 109 1968 Sor.
135 1909 250 1968 Tarenti
303 1913 470 1972 Tarentum
484 1920 593 1973 venia.
612 1915 640 1981 d.
661 1935 698 1972 xv
718 1914 783 1971 Kal.
805 1913 914 1972 lunias.
960 1914 1051 1987 Quod
1073 1918 1163 1975 Pom·

54 1993 131 2052 XIV
143 1994 180 2051 K·
261 2015 382 2082 ptinum
401 2017 566 2069 statueram
586 2018 773 2082 exspectare,
791 2010 1076 2069 commodissimum·
1087 2014 1164 2071 duxi
1241 2028 1242 2099 l

54 2076 113 2135 [aa.
130 2099 156 2135 a·
175 2079 235 2136 7⁰3
261 2106 327 2165 dies
342 2126 403 2179 θος,
418 2107 517 2178 quoad
532 2108 584 2165 ille
599 2111 728 2177 veniret,
740 2126 808 2164 cum
825 2107 968 2178 Pompeio
983 2128 1164 2168 consumere

262 2223 359 2275 eoque
379 2207 485 2275 magis,
506 2203 587 2275 quod
607 2208 636 2261 ei
655 2211 776 2274 gratum
797 2223 862 2261 esse
883 2203 915 2260 id
937 2204 1088 2275 videbam,
1109 2211 1164 2277 qui

263 2303 355 2357 etiam
366 2320 384 2357 a
394 2319 444 2357 me
456 2303 590 2371 petierit,
600 2307 634 2357 ut
646 2319 748 2357 secum
758 2306 790 2357 et
799 2298 879 2371 apud
889 2319 921 2357 se
931 2319 1028 2358 essem
1037 2302 1162 2360 cotidie.
1241 2278 1242 2363 l

262 2394 354 2467 Quod
365 2399 499 2452 concessi
510 2396 650 2453 libenter.
696 2394 811 2452 Multos
823 2399 905 2452 enim
917 2399 982 2453 eius
992 2397 1164 2466 praeclaros
1241 2382 1242 2455 l

262 2490 302 2548 de
316 2511 349 2549 re
363 2491 484 2563 publica
498 2511 652 2549 sermones
666 2494 821 2561 accipiam,
836 2494 967 2548 instruar
981 2496 1075 2550 etiam
1089 2514 1163 2552 con-
1241 2496 1242 2499 ’

262 2587 335 2645 siliis
350 2587 466 2645 idoneis
480 2587 519 2645 ad
534 2587 591 2644 hoc
606 2595 743 2644 nostrum
758 2590 924 2657 negotium.

304 2683 366 2742 Sed
388 2684 428 2741 ad
449 2692 482 2741 te
503 2684 622 2743 brevior
642 2687 702 2740 iam
724 2686 755 2739 in
777 2681 937 2739 scribendo
959 2686 1073 2753 incipio
1096 2684 1163 2743 lieri

262 2778 414 2850 dubitans,
426 2780 578 2836 Romaene
590 2783 629 2836 sis
639 2799 678 2835 an
690 2782 749 2834 iam
758 2777 919 2849 profectus
954 2776 1045 2849 Quod
1054 2787 1162 2839 tamen

262 2874 361 2946 quoad
380 2876 536 2946 ignorabo,
556 2875 685 2931 scribam
703 2873 817 2944 aliquid
837 2877 938 2944 potius
960 2893 1052 2944 quam
1075 2895 1159 2934 com-

261 2974 391 3041 mittam,
407 2978 451 3041 ut,
465 2971 522 3027 tibi
537 2990 606 3027 cum
620 2973 737 3041 possint
751 2968 838 3027 reddi
851 2989 870 3025 a
883 2989 934 3027 me
948 2962 1080 3042 litterae,
1095 2992 1161 3031 non

261 3065 436 3124 reddantur.
481 3067 547 3151 Nec
557 3074 662 3123 tamen
673 3069 733 3122 iam
743 3065 851 3136 habeo,
861 3064 943 3136 quod
952 3072 1005 3123 aut
1013 3067 1161 3127 mandem

262 3162 318 3219 tibi
332 3170 386 3219 aut
402 3181 530 3218 narrem.
575 3161 719 3219 Mandavi
736 3165 851 3229 omnia3
873 3180 951 3232 quae
969 3162 1094 3232 quidem
1112 3172 1160 3237 tu,

346 3263 406 3315 350
