<?xml version="1.0" encoding="UTF-8"?>
<!DOCTYPE html PUBLIC "-//W3C//DTD XHTML 1.0 Transitional//EN"
    "http://www.w3.org/TR/xhtml1/DTD/xhtml1-transitional.dtd">
<html xmlns="http://www.w3.org/1999/xhtml" xml:lang="en" lang="en">
 <head>
  <title>
</title>
<meta http-equiv="Content-Type" content="text/html;charset=utf-8" />
  <meta name='ocr-system' content='tesseract 3.04.00' />
  <meta name='ocr-capabilities' content='ocr_page ocr_carea ocr_par ocr_line ocrx_word'/>
</head>
<body>
  <div class='ocr_page' id='page_1' title='image "./letterstoatticu00winsgoog_0089.png"; bbox 0 0 2484 3854; ppageno 0'>
   <div class='ocr_carea' id='block_1_1' title="bbox 403 255 949 320">
    <p class='ocr_par' dir='ltr' id='par_1_1' title="bbox 403 255 949 320">
     <span class='ocr_line' id='line_1_1' title="bbox 403 255 949 320; baseline 0.004 -2"><span class='ocrx_word' id='word_1_1' title='bbox 403 258 573 319; x_wconf 88' lang='lat' dir='ltr'>MARCUS</span> <span class='ocrx_word' id='word_1_2' title='bbox 594 255 777 319; x_wconf 91' lang='lat' dir='ltr'>TULLIUS</span> <span class='ocrx_word' id='word_1_3' title='bbox 799 261 949 320; x_wconf 88' lang='lat' dir='ltr'>CICERO</span> 
     </span>
    </p>
   </div>
   <div class='ocr_carea' id='block_1_2' title="bbox 227 381 1116 670">
    <p class='ocr_par' dir='ltr' id='par_1_2' title="bbox 227 381 1116 670">
     <span class='ocr_line' id='line_1_2' title="bbox 228 381 1115 453; baseline -0.003 -13"><span class='ocrx_word' id='word_1_4' title='bbox 228 389 261 440; x_wconf 88' lang='lat' dir='ltr'><strong>et</strong></span> <span class='ocrx_word' id='word_1_5' title='bbox 285 381 361 440; x_wconf 91' lang='lat' dir='ltr'><strong>haec</strong></span> <span class='ocrx_word' id='word_1_6' title='bbox 386 390 498 453; x_wconf 89' lang='lat' dir='ltr'><strong>nostra,</strong></span> <span class='ocrx_word' id='word_1_7' title='bbox 523 402 600 453; x_wconf 92' lang='lat' dir='ltr'><strong>quae</strong></span> <span class='ocrx_word' id='word_1_8' title='bbox 626 390 697 439; x_wconf 91' lang='lat' dir='ltr'><strong>sunt</strong></span> <span class='ocrx_word' id='word_1_9' title='bbox 726 386 912 441; x_wconf 81' lang='lat' dir='ltr'><strong>sanctissime</strong></span> <span class='ocrx_word' id='word_1_10' title='bbox 937 387 1115 450; x_wconf 84' lang='lat' dir='ltr'><strong>conservata,</strong></span> 
     </span>
     <span class='ocr_line' id='line_1_3' title="bbox 227 489 711 561; baseline 0.002 -14"><span class='ocrx_word' id='word_1_11' title='bbox 227 510 312 559; x_wconf 85' lang='lat' dir='ltr'><strong>suam</strong></span> <span class='ocrx_word' id='word_1_12' title='bbox 326 489 505 561; x_wconf 80' lang='lat' dir='ltr'><strong>religionem</strong></span> <span class='ocrx_word' id='word_1_13' title='bbox 519 490 711 548; x_wconf 89' lang='lat' dir='ltr'><strong>obtinebunt.</strong></span> 
     </span>
     <span class='ocr_line' id='line_1_4' title="bbox 269 596 1116 670; baseline -0.001 -15"><span class='ocrx_word' id='word_1_14' title='bbox 269 598 332 656; x_wconf 92' lang='lat' dir='ltr'><strong>Nos</strong></span> <span class='ocrx_word' id='word_1_15' title='bbox 346 597 396 655; x_wconf 87' lang='lat' dir='ltr'><strong>hie</strong></span> <span class='ocrx_word' id='word_1_16' title='bbox 410 601 442 656; x_wconf 88' lang='lat' dir='ltr'><strong>in</strong></span> <span class='ocrx_word' id='word_1_17' title='bbox 457 617 489 655; x_wconf 91' lang='lat' dir='ltr'><strong>re</strong></span> <span class='ocrx_word' id='word_1_18' title='bbox 504 597 625 670; x_wconf 89' lang='lat' dir='ltr'><strong>publica</strong></span> <span class='ocrx_word' id='word_1_19' title='bbox 638 598 764 669; x_wconf 88' lang='lat' dir='ltr'><strong>infirma,</strong></span> <span class='ocrx_word' id='word_1_20' title='bbox 779 602 888 657; x_wconf 90' lang='lat' dir='ltr'><strong>misera</strong></span> <span class='ocrx_word' id='word_1_21' title='bbox 902 596 1116 656; x_wconf 86' lang='lat' dir='ltr'><strong>commutabili·</strong></span> 
     </span>
    </p>
   </div>
   <div class='ocr_carea' id='block_1_3' title="bbox 121 707 1116 779">
    <p class='ocr_par' dir='ltr' id='par_1_3' title="bbox 121 707 1116 779">
     <span class='ocr_line' id='line_1_5' title="bbox 121 707 1116 779; baseline -0.003 -13"><span class='ocrx_word' id='word_1_22' title='bbox 121 721 123 724; x_wconf 86' lang='grc'><strong>’</strong></span> <span class='ocrx_word' id='word_1_23' title='bbox 225 728 285 779; x_wconf 89' lang='lat' dir='ltr'><strong>que</strong></span> <span class='ocrx_word' id='word_1_24' title='bbox 300 727 460 766; x_wconf 85' lang='lat' dir='ltr'><strong>versamur.</strong></span> <span class='ocrx_word' id='word_1_25' title='bbox 485 707 583 766; x_wconf 85' lang='lat' dir='ltr'><strong>Credo</strong></span> <span class='ocrx_word' id='word_1_26' title='bbox 597 712 680 766; x_wconf 91' lang='lat' dir='ltr'><strong>enim</strong></span> <span class='ocrx_word' id='word_1_27' title='bbox 693 715 726 765; x_wconf 85' lang='lat' dir='ltr'><strong>te</strong></span> <span class='ocrx_word' id='word_1_28' title='bbox 737 708 855 765; x_wconf 84' lang='lat' dir='ltr'><strong>audisse</strong></span> <span class='ocrx_word' id='word_1_29' title='bbox 870 716 987 766; x_wconf 86' lang='lat' dir='ltr'><strong>nostros</strong></span> <span class='ocrx_word' id='word_1_30' title='bbox 1002 711 1116 778; x_wconf 84' lang='lat' dir='ltr'><strong>equites</strong></span> 
     </span>
    </p>
   </div>
   <div class='ocr_carea' id='block_1_4' title="bbox 225 813 1116 887">
    <p class='ocr_par' dir='ltr' id='par_1_4' title="bbox 225 813 1116 887">
     <span class='ocr_line' id='line_1_6' title="bbox 225 813 1116 887; baseline -0.003 -14"><span class='ocrx_word' id='word_1_31' title='bbox 225 835 323 887; x_wconf 86' lang='lat' dir='ltr'><strong>paene</strong></span> <span class='ocrx_word' id='word_1_32' title='bbox 347 836 365 873; x_wconf 91' lang='lat' dir='ltr'><strong>a</strong></span> <span class='ocrx_word' id='word_1_33' title='bbox 388 823 495 873; x_wconf 84' lang='lat' dir='ltr'><strong>senatu</strong></span> <span class='ocrx_word' id='word_1_34' title='bbox 521 836 586 874; x_wconf 90' lang='lat' dir='ltr'><strong>esse</strong></span> <span class='ocrx_word' id='word_1_35' title='bbox 611 816 776 882; x_wconf 91' lang='lat' dir='ltr'><strong>diiunctos;</strong></span> <span class='ocrx_word' id='word_1_36' title='bbox 809 820 861 887; x_wconf 92' lang='lat' dir='ltr'><strong>qui</strong></span> <span class='ocrx_word' id='word_1_37' title='bbox 885 821 1016 887; x_wconf 87' lang='lat' dir='ltr'><strong>primum</strong></span> <span class='ocrx_word' id='word_1_38' title='bbox 1044 813 1116 871; x_wconf 92' lang='lat' dir='ltr'><strong>illud</strong></span> 
     </span>
    </p>
   </div>
   <div class='ocr_carea' id='block_1_5' title="bbox 221 923 1195 1536">
    <p class='ocr_par' dir='ltr' id='par_1_5' title="bbox 221 923 1195 1536">
     <span class='ocr_line' id='line_1_7' title="bbox 224 923 1115 995; baseline 0 -15"><span class='ocrx_word' id='word_1_39' title='bbox 224 923 312 982; x_wconf 88' lang='lat' dir='ltr'><strong>valde</strong></span> <span class='ocrx_word' id='word_1_40' title='bbox 326 928 458 994; x_wconf 79' lang='lat' dir='ltr'><strong>graviter</strong></span> <span class='ocrx_word' id='word_1_41' title='bbox 469 924 616 994; x_wconf 88' lang='lat' dir='ltr'><strong>tulerunt,</strong></span> <span class='ocrx_word' id='word_1_42' title='bbox 628 923 853 995; x_wconf 82' lang='lat' dir='ltr'><strong>promulgatum</strong></span> <span class='ocrx_word' id='word_1_43' title='bbox 865 944 902 981; x_wconf 88' lang='lat' dir='ltr'><strong>ex</strong></span> <span class='ocrx_word' id='word_1_44' title='bbox 914 932 1036 982; x_wconf 87' lang='lat' dir='ltr'><strong>senatus</strong></span> <span class='ocrx_word' id='word_1_45' title='bbox 1048 943 1115 980; x_wconf 88' lang='lat' dir='ltr'><strong>con-</strong></span> 
     </span>
     <span class='ocr_line' id='line_1_8' title="bbox 222 1030 1195 1118; baseline -0.001 -29"><span class='ocrx_word' id='word_1_46' title='bbox 222 1032 304 1097; x_wconf 86' lang='lat' dir='ltr'><strong>sulto</strong></span> <span class='ocrx_word' id='word_1_47' title='bbox 318 1032 420 1118; x_wconf 82' lang='lat' dir='ltr'><strong>fuisse,</strong></span> <span class='ocrx_word' id='word_1_48' title='bbox 432 1040 467 1089; x_wconf 89' lang='lat' dir='ltr'><strong>ut</strong></span> <span class='ocrx_word' id='word_1_49' title='bbox 481 1032 520 1089; x_wconf 92' lang='lat' dir='ltr'><strong>de</strong></span> <span class='ocrx_word' id='word_1_50' title='bbox 536 1036 588 1103; x_wconf 89' lang='lat' dir='ltr'><strong>eis,</strong></span> <span class='ocrx_word' id='word_1_51' title='bbox 600 1037 652 1103; x_wconf 93' lang='lat' dir='ltr'><strong>qui</strong></span> <span class='ocrx_word' id='word_1_52' title='bbox 663 1033 703 1089; x_wconf 92' lang='lat' dir='ltr'><strong>ob</strong></span> <span class='ocrx_word' id='word_1_53' title='bbox 714 1030 909 1089; x_wconf 88' lang='lat' dir='ltr'><strong>iudicandum</strong></span> <span class='ocrx_word' id='word_1_54' title='bbox 919 1036 1114 1104; x_wconf 82' lang='lat' dir='ltr'><strong>accepissent,</strong></span> <span class='ocrx_word' id='word_1_55' title='bbox 1193 1094 1195 1097; x_wconf 57' lang='grc'><strong>,</strong></span> 
     </span>
     <span class='ocr_line' id='line_1_9' title="bbox 223 1139 1116 1212; baseline -0.002 -14"><span class='ocrx_word' id='word_1_56' title='bbox 223 1149 427 1212; x_wconf 87' lang='lat' dir='ltr'><strong>quaereretur.</strong></span> <span class='ocrx_word' id='word_1_57' title='bbox 451 1139 521 1212; x_wconf 84' lang='lat' dir='ltr'><strong>Qua</strong></span> <span class='ocrx_word' id='word_1_58' title='bbox 531 1145 563 1197; x_wconf 93' lang='lat' dir='ltr'><strong>in</strong></span> <span class='ocrx_word' id='word_1_59' title='bbox 577 1161 610 1198; x_wconf 91' lang='lat' dir='ltr'><strong>re</strong></span> <span class='ocrx_word' id='word_1_60' title='bbox 622 1140 815 1198; x_wconf 86' lang='lat' dir='ltr'><strong>decernenda</strong></span> <span class='ocrx_word' id='word_1_61' title='bbox 826 1161 895 1198; x_wconf 88' lang='lat' dir='ltr'><strong>cum</strong></span> <span class='ocrx_word' id='word_1_62' title='bbox 906 1161 964 1211; x_wconf 84' lang='lat' dir='ltr'><strong>ego</strong></span> <span class='ocrx_word' id='word_1_63' title='bbox 976 1160 1044 1198; x_wconf 89' lang='lat' dir='ltr'><strong>casu</strong></span> <span class='ocrx_word' id='word_1_64' title='bbox 1057 1160 1116 1197; x_wconf 91' lang='lat' dir='ltr'><strong>non</strong></span> 
     </span>
     <span class='ocr_line' id='line_1_10' title="bbox 222 1248 1115 1320; baseline -0.002 -14"><span class='ocrx_word' id='word_1_65' title='bbox 222 1248 395 1317; x_wconf 88' lang='lat' dir='ltr'><strong>adfuissem,</strong></span> <span class='ocrx_word' id='word_1_66' title='bbox 411 1253 631 1320; x_wconf 89' lang='lat' dir='ltr'><strong>sensissemque</strong></span> <span class='ocrx_word' id='word_1_67' title='bbox 646 1248 677 1306; x_wconf 91' lang='lat' dir='ltr'><strong>id</strong></span> <span class='ocrx_word' id='word_1_68' title='bbox 698 1256 870 1319; x_wconf 86' lang='lat' dir='ltr'><strong>equestrem</strong></span> <span class='ocrx_word' id='word_1_69' title='bbox 885 1248 1023 1306; x_wconf 89' lang='lat' dir='ltr'><strong>ordinem</strong></span> <span class='ocrx_word' id='word_1_70' title='bbox 1037 1248 1115 1305; x_wconf 85' lang='lat' dir='ltr'><strong>ferre</strong></span> 
     </span>
     <span class='ocr_line' id='line_1_11' title="bbox 221 1356 1117 1429; baseline 0.001 -14"><span class='ocrx_word' id='word_1_71' title='bbox 221 1357 350 1416; x_wconf 82' lang='lat' dir='ltr'><strong>moleste</strong></span> <span class='ocrx_word' id='word_1_72' title='bbox 368 1378 467 1429; x_wconf 89' lang='lat' dir='ltr'><strong>neque</strong></span> <span class='ocrx_word' id='word_1_73' title='bbox 489 1364 595 1429; x_wconf 88' lang='lat' dir='ltr'><strong>aperte</strong></span> <span class='ocrx_word' id='word_1_74' title='bbox 616 1356 727 1426; x_wconf 84' lang='lat' dir='ltr'><strong>dicere,</strong></span> <span class='ocrx_word' id='word_1_75' title='bbox 742 1356 898 1426; x_wconf 81' lang='lat' dir='ltr'><strong>obiurgavi</strong></span> <span class='ocrx_word' id='word_1_76' title='bbox 919 1364 1068 1428; x_wconf 90' lang='lat' dir='ltr'><strong>senatum,</strong></span> <span class='ocrx_word' id='word_1_77' title='bbox 1082 1366 1117 1416; x_wconf 93' lang='lat' dir='ltr'><strong>ut</strong></span> 
     </span>
     <span class='ocr_line' id='line_1_12' title="bbox 222 1464 1174 1536; baseline 0.001 -13"><span class='ocrx_word' id='word_1_78' title='bbox 222 1464 297 1523; x_wconf 90' lang='lat' dir='ltr'><strong>mihi</strong></span> <span class='ocrx_word' id='word_1_79' title='bbox 310 1470 390 1523; x_wconf 87' lang='lat' dir='ltr'><strong>visus</strong></span> <span class='ocrx_word' id='word_1_80' title='bbox 397 1486 481 1536; x_wconf 66' lang='lat' dir='ltr'><strong>osum,</strong></span> <span class='ocrx_word' id='word_1_81' title='bbox 496 1485 612 1522; x_wconf 92' lang='lat' dir='ltr'><strong>summa</strong></span> <span class='ocrx_word' id='word_1_82' title='bbox 632 1484 700 1521; x_wconf 90' lang='lat' dir='ltr'><strong>cum</strong></span> <span class='ocrx_word' id='word_1_83' title='bbox 720 1468 910 1535; x_wconf 88' lang='lat' dir='ltr'><strong>auctoritate,</strong></span> <span class='ocrx_word' id='word_1_84' title='bbox 926 1473 958 1522; x_wconf 88' lang='lat' dir='ltr'><strong>et</strong></span> <span class='ocrx_word' id='word_1_85' title='bbox 978 1469 1009 1523; x_wconf 92' lang='lat' dir='ltr'><strong>in</strong></span> <span class='ocrx_word' id='word_1_86' title='bbox 1030 1486 1117 1524; x_wconf 87' lang='lat' dir='ltr'><strong>causa</strong></span> <span class='ocrx_word' id='word_1_87' title='bbox 1168 1519 1174 1523; x_wconf 92' lang='lat'>.</span> 
     </span>
    </p>
   </div>
   <div class='ocr_carea' id='block_1_6' title="bbox 210 1573 1115 3171">
    <p class='ocr_par' dir='ltr' id='par_1_6' title="bbox 210 1573 1115 3171">
     <span class='ocr_line' id='line_1_13' title="bbox 221 1573 1115 1644; baseline 0.001 -12"><span class='ocrx_word' id='word_1_88' title='bbox 221 1594 283 1632; x_wconf 90' lang='lat' dir='ltr'><strong>non</strong></span> <span class='ocrx_word' id='word_1_89' title='bbox 294 1575 465 1632; x_wconf 88' lang='lat' dir='ltr'><strong>verecunda</strong></span> <span class='ocrx_word' id='word_1_90' title='bbox 475 1573 638 1632; x_wconf 91' lang='lat' dir='ltr'><strong>admodum</strong></span> <span class='ocrx_word' id='word_1_91' title='bbox 652 1576 750 1643; x_wconf 85' lang='lat' dir='ltr'><strong>gravis</strong></span> <span class='ocrx_word' id='word_1_92' title='bbox 762 1580 794 1630; x_wconf 92' lang='lat' dir='ltr'><strong>et</strong></span> <span class='ocrx_word' id='word_1_93' title='bbox 809 1576 945 1644; x_wconf 88' lang='lat' dir='ltr'><strong>copiosus</strong></span> <span class='ocrx_word' id='word_1_94' title='bbox 960 1573 1011 1632; x_wconf 90' lang='lat' dir='ltr'><strong>fui.</strong></span> <span class='ocrx_word' id='word_1_95' title='bbox 1037 1575 1115 1634; x_wconf 88' lang='lat' dir='ltr'><strong>Ecce</strong></span> 
     </span>
     <span class='ocr_line' id='line_1_14' title="bbox 220 1674 1115 1748; baseline 0.002 -14"><span class='ocrx_word' id='word_1_96' title='bbox 220 1676 297 1734; x_wconf 91' lang='lat' dir='ltr'><strong>aliae</strong></span> <span class='ocrx_word' id='word_1_97' title='bbox 318 1676 445 1734; x_wconf 87' lang='lat' dir='ltr'><strong>deliciae</strong></span> <span class='ocrx_word' id='word_1_98' title='bbox 467 1680 604 1747; x_wconf 88' lang='lat' dir='ltr'><strong>equitum</strong></span> <span class='ocrx_word' id='word_1_99' title='bbox 626 1678 675 1732; x_wconf 85' lang='lat' dir='ltr'><strong>vix</strong></span> <span class='ocrx_word' id='word_1_100' title='bbox 697 1674 855 1733; x_wconf 84' lang='lat' dir='ltr'><strong>ferendae!</strong></span> <span class='ocrx_word' id='word_1_101' title='bbox 878 1696 952 1747; x_wconf 89' lang='lat' dir='ltr'><strong>quas</strong></span> <span class='ocrx_word' id='word_1_102' title='bbox 974 1697 1031 1748; x_wconf 81' lang='lat' dir='ltr'><strong>ego</strong></span> <span class='ocrx_word' id='word_1_103' title='bbox 1054 1699 1115 1736; x_wconf 92' lang='lat' dir='ltr'><strong>non</strong></span> 
     </span>
     <span class='ocr_line' id='line_1_15' title="bbox 219 1776 1113 1854; baseline 0.002 -18"><span class='ocrx_word' id='word_1_104' title='bbox 219 1777 316 1836; x_wconf 90' lang='lat' dir='ltr'><strong>solum</strong></span> <span class='ocrx_word' id='word_1_105' title='bbox 326 1777 394 1847; x_wconf 91' lang='lat' dir='ltr'><strong>tuli,</strong></span> <span class='ocrx_word' id='word_1_106' title='bbox 401 1776 460 1854; x_wconf 80' lang='lat' dir='ltr'><strong>&#39;sed</strong></span> <span class='ocrx_word' id='word_1_107' title='bbox 473 1781 565 1834; x_wconf 91' lang='lat' dir='ltr'><strong>etiam</strong></span> <span class='ocrx_word' id='word_1_108' title='bbox 576 1780 686 1833; x_wconf 88' lang='lat' dir='ltr'><strong>ornavi.</strong></span> <span class='ocrx_word' id='word_1_109' title='bbox 711 1776 815 1834; x_wconf 89' lang='lat' dir='ltr'><strong>Asiam</strong></span> <span class='ocrx_word' id='word_1_110' title='bbox 825 1781 877 1848; x_wconf 93' lang='lat' dir='ltr'><strong>qui</strong></span> <span class='ocrx_word' id='word_1_111' title='bbox 889 1777 929 1836; x_wconf 90' lang='lat' dir='ltr'><strong>de</strong></span> <span class='ocrx_word' id='word_1_112' title='bbox 940 1781 1113 1838; x_wconf 81' lang='lat' dir='ltr'><strong>censoribus</strong></span> 
     </span>
     <span class='ocr_line' id='line_1_16' title="bbox 219 1879 1114 1954; baseline 0.004 -18"><span class='ocrx_word' id='word_1_113' title='bbox 219 1879 439 1949; x_wconf 84' lang='lat' dir='ltr'><strong>conduxerunt,</strong></span> <span class='ocrx_word' id='word_1_114' title='bbox 452 1882 551 1949; x_wconf 86' lang='lat' dir='ltr'><strong>questi</strong></span> <span class='ocrx_word' id='word_1_115' title='bbox 566 1886 637 1935; x_wconf 90' lang='lat' dir='ltr'><strong>sunt</strong></span> <span class='ocrx_word' id='word_1_116' title='bbox 651 1882 683 1934; x_wconf 91' lang='lat' dir='ltr'><strong>in</strong></span> <span class='ocrx_word' id='word_1_117' title='bbox 694 1886 802 1939; x_wconf 88' lang='lat' dir='ltr'><strong>senatu</strong></span> <span class='ocrx_word' id='word_1_118' title='bbox 817 1898 849 1937; x_wconf 87' lang='lat' dir='ltr'><strong>se</strong></span> <span class='ocrx_word' id='word_1_119' title='bbox 864 1881 1032 1954; x_wconf 85' lang='lat' dir='ltr'><strong>cupiditate</strong></span> <span class='ocrx_word' id='word_1_120' title='bbox 1046 1902 1114 1953; x_wconf 90' lang='lat' dir='ltr'><strong>pro·</strong></span> 
     </span>
     <span class='ocr_line' id='line_1_17' title="bbox 218 1977 1114 2051; baseline 0.006 -13"><span class='ocrx_word' id='word_1_121' title='bbox 218 1981 316 2051; x_wconf 90' lang='lat' dir='ltr'><strong>lapsos</strong></span> <span class='ocrx_word' id='word_1_122' title='bbox 336 1984 463 2038; x_wconf 89' lang='lat' dir='ltr'><strong>nimium</strong></span> <span class='ocrx_word' id='word_1_123' title='bbox 477 1999 588 2050; x_wconf 84' lang='lat' dir='ltr'><strong>magno</strong></span> <span class='ocrx_word' id='word_1_124' title='bbox 603 1979 791 2051; x_wconf 87' lang='lat' dir='ltr'><strong>conduxisse,</strong></span> <span class='ocrx_word' id='word_1_125' title='bbox 807 1990 842 2039; x_wconf 90' lang='lat' dir='ltr'><strong>ut</strong></span> <span class='ocrx_word' id='word_1_126' title='bbox 861 1977 1056 2042; x_wconf 83' lang='lat' dir='ltr'><strong>induceretur</strong></span> <span class='ocrx_word' id='word_1_127' title='bbox 1070 1985 1114 2043; x_wconf 94' lang='lat' dir='ltr'><strong>lo-</strong></span> 
     </span>
     <span class='ocr_line' id='line_1_18' title="bbox 218 2081 1114 2154; baseline 0.007 -15"><span class='ocrx_word' id='word_1_128' title='bbox 218 2086 306 2152; x_wconf 85' lang='lat' dir='ltr'><strong>catio,</strong></span> <span class='ocrx_word' id='word_1_129' title='bbox 328 2081 564 2153; x_wconf 84' lang='lat' dir='ltr'><strong>postulaverunt.</strong></span> <span class='ocrx_word' id='word_1_130' title='bbox 611 2081 676 2151; x_wconf 79' lang='lat' dir='ltr'><strong>Ego</strong></span> <span class='ocrx_word' id='word_1_131' title='bbox 701 2086 841 2154; x_wconf 86' lang='lat' dir='ltr'><strong>princeps</strong></span> <span class='ocrx_word' id='word_1_132' title='bbox 870 2088 901 2142; x_wconf 90' lang='lat' dir='ltr'><strong>in</strong></span> <span class='ocrx_word' id='word_1_133' title='bbox 926 2086 1114 2146; x_wconf 89' lang='lat' dir='ltr'><strong>adiutoribus</strong></span> 
     </span>
     <span class='ocr_line' id='line_1_19' title="bbox 216 2182 1113 2254; baseline 0.009 -14"><span class='ocrx_word' id='word_1_134' title='bbox 216 2190 310 2254; x_wconf 86' lang='lat' dir='ltr'><strong>atque</strong></span> <span class='ocrx_word' id='word_1_135' title='bbox 334 2182 412 2240; x_wconf 88' lang='lat' dir='ltr'><strong>adeo</strong></span> <span class='ocrx_word' id='word_1_136' title='bbox 442 2182 606 2249; x_wconf 86' lang='lat' dir='ltr'><strong>secundus3</strong></span> <span class='ocrx_word' id='word_1_137' title='bbox 634 2202 722 2254; x_wconf 89' lang='lat' dir='ltr'><strong>-nam,</strong></span> <span class='ocrx_word' id='word_1_138' title='bbox 744 2191 780 2241; x_wconf 93' lang='lat' dir='ltr'><strong>ut</strong></span> <span class='ocrx_word' id='word_1_139' title='bbox 810 2184 854 2242; x_wconf 90' lang='lat' dir='ltr'><strong>illi</strong></span> <span class='ocrx_word' id='word_1_140' title='bbox 881 2186 1030 2247; x_wconf 88' lang='lat' dir='ltr'><strong>auderent</strong></span> <span class='ocrx_word' id='word_1_141' title='bbox 1056 2189 1113 2249; x_wconf 91' lang='lat' dir='ltr'><strong>hos</strong></span> 
     </span>
     <span class='ocr_line' id='line_1_20' title="bbox 216 2283 1112 2363; baseline 0.01 -23"><span class='ocrx_word' id='word_1_142' title='bbox 216 2283 380 2356; x_wconf 86' lang='lat' dir='ltr'><strong>postulare,</strong></span> <span class='ocrx_word' id='word_1_143' title='bbox 395 2283 516 2339; x_wconf 87' lang='lat' dir='ltr'><strong>Crassus</strong></span> <span class='ocrx_word' id='word_1_144' title='bbox 532 2302 582 2339; x_wconf 91' lang='lat' dir='ltr'><strong>eos</strong></span> <span class='ocrx_word' id='word_1_145' title='bbox 602 2283 730 2354; x_wconf 87' lang='lat' dir='ltr'><strong>impulit.</strong></span> <span class='ocrx_word' id='word_1_146' title='bbox 777 2285 927 2346; x_wconf 90' lang='lat' dir='ltr'><strong>Invidiosa</strong></span> <span class='ocrx_word' id='word_1_147' title='bbox 942 2308 998 2360; x_wconf 89' lang='lat' dir='ltr'><strong>res,</strong></span> <span class='ocrx_word' id='word_1_148' title='bbox 1014 2296 1112 2363; x_wconf 89' lang='lat' dir='ltr'><strong>turpis</strong></span> 
     </span>
     <span class='ocr_line' id='line_1_21' title="bbox 215 2382 1114 2457; baseline 0.01 -15"><span class='ocrx_word' id='word_1_149' title='bbox 215 2384 379 2457; x_wconf 86' lang='lat' dir='ltr'><strong>postulatio</strong></span> <span class='ocrx_word' id='word_1_150' title='bbox 402 2391 435 2440; x_wconf 90' lang='lat' dir='ltr'><strong>et</strong></span> <span class='ocrx_word' id='word_1_151' title='bbox 459 2382 607 2441; x_wconf 88' lang='lat' dir='ltr'><strong>confessio</strong></span> <span class='ocrx_word' id='word_1_152' title='bbox 632 2390 820 2445; x_wconf 81' lang='lat' dir='ltr'><strong>temeritatis</strong></span> <span class='ocrx_word' id='word_1_153' title='bbox 866 2389 1024 2448; x_wconf 91' lang='lat' dir='ltr'><strong>Summum</strong></span> <span class='ocrx_word' id='word_1_154' title='bbox 1046 2402 1114 2451; x_wconf 89' lang='lat' dir='ltr'><strong>erat</strong></span> 
     </span>
     <span class='ocr_line' id='line_1_22' title="bbox 214 2485 1111 2562; baseline 0.011 -19"><span class='ocrx_word' id='word_1_155' title='bbox 214 2485 392 2558; x_wconf 85' lang='lat' dir='ltr'><strong>periculum,</strong></span> <span class='ocrx_word' id='word_1_156' title='bbox 407 2505 457 2555; x_wconf 91' lang='lat' dir='ltr'><strong>ne,</strong></span> <span class='ocrx_word' id='word_1_157' title='bbox 472 2488 497 2542; x_wconf 90' lang='lat' dir='ltr'><strong>si</strong></span> <span class='ocrx_word' id='word_1_158' title='bbox 511 2485 587 2542; x_wconf 87' lang='lat' dir='ltr'><strong>nihil</strong></span> <span class='ocrx_word' id='word_1_159' title='bbox 602 2491 825 2561; x_wconf 84' lang='lat' dir='ltr'><strong>impetrassent,</strong></span> <span class='ocrx_word' id='word_1_160' title='bbox 837 2491 927 2562; x_wconf 89' lang='lat' dir='ltr'><strong>plane</strong></span> <span class='ocrx_word' id='word_1_161' title='bbox 941 2493 1111 2553; x_wconf 87' lang='lat' dir='ltr'><strong>alienaren-</strong></span> 
     </span>
     <span class='ocr_line' id='line_1_23' title="bbox 213 2587 1111 2660; baseline 0.011 -14"><span class='ocrx_word' id='word_1_162' title='bbox 213 2595 264 2646; x_wconf 90' lang='lat' dir='ltr'><strong>tur</strong></span> <span class='ocrx_word' id='word_1_163' title='bbox 275 2607 293 2643; x_wconf 99' lang='lat' dir='ltr'><strong>a</strong></span> <span class='ocrx_word' id='word_1_164' title='bbox 307 2594 422 2645; x_wconf 91' lang='lat' dir='ltr'><strong>senatu.</strong></span> <span class='ocrx_word' id='word_1_165' title='bbox 448 2587 530 2644; x_wconf 89' lang='lat' dir='ltr'><strong>Huic</strong></span> <span class='ocrx_word' id='word_1_166' title='bbox 541 2608 661 2660; x_wconf 89' lang='lat' dir='ltr'><strong>quoque</strong></span> <span class='ocrx_word' id='word_1_167' title='bbox 673 2594 717 2647; x_wconf 92' lang='lat' dir='ltr'><strong>rei</strong></span> <span class='ocrx_word' id='word_1_168' title='bbox 728 2592 910 2651; x_wconf 91' lang='lat' dir='ltr'><strong>subventum</strong></span> <span class='ocrx_word' id='word_1_169' title='bbox 921 2603 968 2652; x_wconf 90' lang='lat' dir='ltr'><strong>est</strong></span> <span class='ocrx_word' id='word_1_170' title='bbox 979 2602 1111 2657; x_wconf 87' lang='lat' dir='ltr'><strong>maxime</strong></span> 
     </span>
     <span class='ocr_line' id='line_1_24' title="bbox 212 2687 1112 2762; baseline 0.012 -15"><span class='ocrx_word' id='word_1_171' title='bbox 212 2710 231 2747; x_wconf 90' lang='lat' dir='ltr'><strong>a</strong></span> <span class='ocrx_word' id='word_1_172' title='bbox 253 2689 339 2746; x_wconf 90' lang='lat' dir='ltr'><strong>nobis</strong></span> <span class='ocrx_word' id='word_1_173' title='bbox 361 2687 603 2760; x_wconf 86' lang='lat' dir='ltr'><strong>perfectumque,</strong></span> <span class='ocrx_word' id='word_1_174' title='bbox 621 2698 656 2749; x_wconf 88' lang='lat' dir='ltr'><strong>ut</strong></span> <span class='ocrx_word' id='word_1_175' title='bbox 678 2691 922 2762; x_wconf 84' lang='lat' dir='ltr'><strong>frequentissimo</strong></span> <span class='ocrx_word' id='word_1_176' title='bbox 945 2707 1052 2756; x_wconf 91' lang='lat' dir='ltr'><strong>senatu</strong></span> <span class='ocrx_word' id='word_1_177' title='bbox 1077 2708 1112 2758; x_wconf 87' lang='lat' dir='ltr'><strong>et</strong></span> 
     </span>
     <span class='ocr_line' id='line_1_25' title="bbox 212 2790 1111 2865; baseline 0.014 -17"><span class='ocrx_word' id='word_1_178' title='bbox 212 2790 413 2848; x_wconf 88' lang='lat' dir='ltr'><strong>libentissimo</strong></span> <span class='ocrx_word' id='word_1_179' title='bbox 437 2797 598 2850; x_wconf 88' lang='lat' dir='ltr'><strong>uterentur</strong></span> <span class='ocrx_word' id='word_1_180' title='bbox 619 2793 776 2865; x_wconf 89' lang='lat' dir='ltr'><strong>multaque</strong></span> <span class='ocrx_word' id='word_1_181' title='bbox 799 2816 817 2852; x_wconf 90' lang='lat' dir='ltr'><strong>a</strong></span> <span class='ocrx_word' id='word_1_182' title='bbox 839 2797 947 2855; x_wconf 90' lang='lat' dir='ltr'><strong>mede</strong></span> <span class='ocrx_word' id='word_1_183' title='bbox 968 2800 1111 2862; x_wconf 90' lang='lat' dir='ltr'><strong>ordinum</strong></span> 
     </span>
     <span class='ocr_line' id='line_1_26' title="bbox 212 2893 1112 2965; baseline 0.012 -12"><span class='ocrx_word' id='word_1_184' title='bbox 212 2895 363 2965; x_wconf 82' lang='lat' dir='ltr'><strong>dignitate</strong></span> <span class='ocrx_word' id='word_1_185' title='bbox 384 2899 416 2950; x_wconf 88' lang='lat' dir='ltr'><strong>et</strong></span> <span class='ocrx_word' id='word_1_186' title='bbox 437 2893 596 2951; x_wconf 86' lang='lat' dir='ltr'><strong>concordia</strong></span> <span class='ocrx_word' id='word_1_187' title='bbox 617 2894 698 2953; x_wconf 83' lang='lat' dir='ltr'><strong>dicta</strong></span> <span class='ocrx_word' id='word_1_188' title='bbox 720 2897 879 2957; x_wconf 89' lang='lat' dir='ltr'><strong>sunt-Kal.</strong></span> <span class='ocrx_word' id='word_1_189' title='bbox 898 2899 1058 2962; x_wconf 88' lang='lat' dir='ltr'><strong>Decembr.</strong></span> <span class='ocrx_word' id='word_1_190' title='bbox 1076 2914 1112 2964; x_wconf 93' lang='lat' dir='ltr'><strong>et</strong></span> 
     </span>
     <span class='ocr_line' id='line_1_27' title="bbox 211 2994 1109 3072; baseline 0.013 -18"><span class='ocrx_word' id='word_1_191' title='bbox 211 2995 365 3069; x_wconf 85' lang='lat' dir='ltr'><strong>postridie.</strong></span> <span class='ocrx_word' id='word_1_192' title='bbox 410 2994 519 3071; x_wconf 81' lang='lat' dir='ltr'><strong>Neque</strong></span> <span class='ocrx_word' id='word_1_193' title='bbox 533 2995 633 3054; x_wconf 89' lang='lat' dir='ltr'><strong>adhuc</strong></span> <span class='ocrx_word' id='word_1_194' title='bbox 647 3017 695 3056; x_wconf 89' lang='lat' dir='ltr'><strong>res</strong></span> <span class='ocrx_word' id='word_1_195' title='bbox 710 2999 849 3059; x_wconf 88' lang='lat' dir='ltr'><strong>confecta</strong></span> <span class='ocrx_word' id='word_1_196' title='bbox 863 3010 919 3072; x_wconf 91' lang='lat' dir='ltr'><strong>est,</strong></span> <span class='ocrx_word' id='word_1_197' title='bbox 931 3004 986 3062; x_wconf 87' lang='lat' dir='ltr'><strong>sed</strong></span> <span class='ocrx_word' id='word_1_198' title='bbox 1000 3006 1109 3066; x_wconf 87' lang='lat' dir='ltr'><strong>volun-</strong></span> 
     </span>
     <span class='ocr_line' id='line_1_28' title="bbox 210 3104 1112 3171; baseline 0.016 -14"><span class='ocrx_word' id='word_1_199' title='bbox 210 3107 256 3157; x_wconf 85' lang='lat' dir='ltr'><strong>tas</strong></span> <span class='ocrx_word' id='word_1_200' title='bbox 285 3104 407 3157; x_wconf 90' lang='lat' dir='ltr'><strong>senatus</strong></span> <span class='ocrx_word' id='word_1_201' title='bbox 435 3106 609 3170; x_wconf 56' lang='lat' dir='ltr'><strong>perspecta</strong></span> <span class='ocrx_word' id='word_1_202' title='bbox 639 3119 716 3158; x_wconf 90' lang='lat' dir='ltr'><strong>unus</strong></span> <span class='ocrx_word' id='word_1_203' title='bbox 745 3105 827 3160; x_wconf 89' lang='lat' dir='ltr'><strong>enim</strong></span> <span class='ocrx_word' id='word_1_204' title='bbox 855 3113 960 3163; x_wconf 87' lang='lat' dir='ltr'><strong>contra</strong></span> <span class='ocrx_word' id='word_1_205' title='bbox 988 3107 1112 3171; x_wconf 84' lang='lat' dir='ltr'><strong>dixerat</strong></span> 
     </span>
    </p>
   </div>
   <div class='ocr_carea' id='block_1_7' title="bbox 292 3192 333 3264">
    <p class='ocr_par' dir='ltr' id='par_1_7' title="bbox 292 3192 333 3264">
     <span class='ocr_line' id='line_1_29' title="bbox 292 3192 333 3264; baseline -0.146 0"><span class='ocrx_word' id='word_1_206' title='bbox 292 3192 333 3264; x_wconf 72' lang='lat' dir='ltr'><strong>ta</strong></span> 
     </span>
    </p>
   </div>
   <div class='ocr_carea' id='block_1_8' title="bbox 0 0 1246 3854">
    <p class='ocr_par' dir='ltr' id='par_1_8' title="bbox 0 0 1246 3854">
     <span class='ocr_line' id='line_1_30' title="bbox 0 0 1246 3854; baseline 0 4"><span class='ocrx_word' id='word_1_207' title='bbox 0 0 1246 3854; x_wconf 95' lang='lat' dir='ltr'><strong> </strong></span> 
     </span>
    </p>
   </div>
  </div>
 </body>
</html>
