2498 3850
425 320 595 380 MARCUS
616 318 799 380 TULLIUS
821 319 971 379 CICERO
1052 375 1058 386 ,

292 442 383 515 Quod
397 451 430 501 te
446 462 515 500 cum
535 441 680 500 Culleone
701 442 805 500 scribis
825 441 864 499 de
884 441 1042 514 privilegio
1063 440 1147 500 locu·
1191 500 1196 508 ,

198 598 204 605 ι
249 573 326 636 tum,
341 572 389 622 est
407 563 532 634 aliquid,
546 563 601 621 sed
617 562 715 620 multo
733 570 781 620 est
798 562 907 620 melius
924 562 1069 634 abrogari.
1115 562 1148 621 Si

250 688 332 743 enim
357 704 448 742 nemo
469 683 628 755 impediet,
650 687 693 741 sic
715 690 762 741 est
784 683 910 752 firmius3
935 687 982 740 sin
1003 687 1072 754 erit,
1095 687 1148 754 qui

249 805 322 862 ferri
346 824 407 861 non
431 808 520 875 sinat,
546 803 628 862 idem
652 813 774 861 senatus
800 803 938 861 consulto
964 803 1145 862 intercedet.

249 926 316 984 Nec
339 930 499 996 quicquam
521 890 604 981 aliud
629 944 704 996 opus
727 932 775 987 est
797 925 948 995 abrogari3
972 944 1043 981 nam
1066 929 1148 996 prior
1217 977 1218 980 ,

248 1046 298 1104 lex
313 1066 368 1104 nos
382 1046 459 1103 nihil
473 1045 623 1103 laedebat.
670 1043 769 1116 Quam
785 1049 820 1115 si,
834 1052 870 1102 ut
884 1052 932 1102 est
946 1044 1148 1117 promulgata,

248 1166 371 1226 laudare
386 1167 593 1236 voluissemus
607 1172 671 1236 aut,
686 1174 721 1223 ut
739 1173 805 1223 erat
822 1165 1026 1237 neglegenda,
1040 1165 1148 1237 negle-
1243 1214 1244 1255 3

247 1307 332 1360 gere,
346 1268 456 1345 nocere
471 1291 595 1344 omnino
609 1287 696 1343 nobis
710 1306 772 1342 non
790 1289 947 1371 potuisset,
993 1286 1056 1343 Hic
1069 1286 1147 1343 mihi

248 1413 379 1480 primurn
401 1427 504 1464 meum
527 1406 685 1464 consilium
709 1405 819 1477 defuit,
842 1406 897 1463 sed
920 1384 1013 1464 etiam
1037 1406 1145 1466 obfuit.

174 1588 184 1595 „
249 1528 348 1599 Caeci,
367 1531 458 1598 caeci,
475 1531 610 1613 inquam,
627 1526 766 1584 fuimus
758 1546 790 1582 111
808 1531 921 1584 vestitu
938 1526 1123 1599 mutandos
1114 1548 1148 1585 m
1243 1570 1244 1573 ,

247 1648 360 1722 populo
386 1604 563 1719 lgando,
553 1621 654 1718 quodix
667 1620 725 1704 disi
750 1628 930 1733 nominatim
950 1666 1071 1705 mecum
1096 1653 1148 1720 agi

248 1778 391 1841 coeptum
416 1775 507 1837 esset,
532 1767 597 1824 fieri
625 1771 827 1838 perniciosum
851 1766 918 1824 fuit.
964 1767 1027 1826 Sed
1050 1787 1148 1841 pergo
1243 1766 1244 1779 ¹

169 1894 171 1897 ’
247 1894 422 1962 praeterita,
437 1908 542 1946 verum
556 1895 661 1946 tamen
675 1889 715 1945 ob
729 1887 808 1945 hanc
827 1907 957 1959 causam,
972 1896 1017 1959 ut,
1032 1893 1057 1946 si
1071 1890 1147 1960 quid

247 2018 366 2082 agetur,
381 2009 482 2081 legem
496 2008 590 2079 illam,
605 2013 638 2065 in
652 2028 712 2079 qua
729 2007 884 2080 popularia
897 2008 995 2066 multa
1009 2017 1090 2080 sunt,
1105 2030 1147 2069 ne

248 2135 389 2203 tangatis.
435 2130 549 2187 Verum
573 2137 620 2187 est
643 2128 771 2186 stultum
793 2147 843 2186 me
866 2133 1051 2201 praecipere,
1072 2132 1148 2202 quid
1223 2136 1226 2139 ’
1243 2112 1244 2177 l

247 2249 344 2317 agatis
359 2252 413 2302 aut
427 2263 487 2315 quo
501 2242 600 2300 modo.
647 2242 774 2300 Utinam
787 2241 879 2300 modo
896 2251 1005 2314 agatur
1018 2243 1146 2314 ahquid!

249 2359 286 2417 In
304 2378 363 2430 quo
381 2361 446 2429 ipso
463 2356 560 2413 multa
578 2355 733 2414 occultant
750 2363 822 2413 tuae
839 2355 979 2439 litterae,
988 2356 1089 2429 credo,
1104 2378 1145 2416 ne

246 2472 458 2531 vehementius
487 2469 699 2542 desperatione
727 2469 896 2541 perturber.
949 2467 1033 2541 Quid
1062 2475 1146 2529 euim
1243 2496 1244 2547 1

246 2586 331 2644 vides
345 2589 395 2657 agi
408 2603 496 2656 posse
510 2591 564 2641 aut
581 2603 641 2654 quo
658 2582 765 2641 modo?
787 2603 843 2654 per
860 2585 1058 2642 senatumne?
1101 2586 1146 2645 At
1243 2572 1244 2647 ff

246 2708 314 2759 tute
332 2702 476 2770 scripsisti
493 2697 532 2768 ad
549 2716 599 2754 me
617 2695 770 2767 quoddam
792 2703 884 2767 caput
905 2696 983 2768 legis
1004 2696 1145 2757 Clodium
1243 2718 1244 2739 ³

246 2819 279 2871 in
294 2817 393 2871 curiae
407 2818 495 2883 poste
510 2810 619 2881 fixisse,
635 2809 684 2866 Nu
699 2827 826 2865 nuruum
842 2827 919 2867 uuus
934 2829 994 2867 mor
1009 2829 1142 2870 urorum.

246 2926 316 3000 Quo
332 2925 424 2983 modo
441 2928 544 3001 igitur]
554 2923 707 2981 Domitius
724 2942 757 2980 se
779 2922 857 2981 dixit
878 2923 1061 2982 relaturum?
1083 2945 1145 2997 quo

244 3041 335 3100 modo
349 3045 455 3097 autum
474 3041 519 3108 iis,
534 3055 609 3107 quos
626 3042 662 3093 tu
679 3037 793 3107 scribis,
812 3043 845 3093 et
862 3034 902 3094 de
920 3056 953 3095 re
970 3036 1145 3099 dicentibus

245 3162 288 3226 et,
303 3161 338 3211 ut
355 3149 530 3220 referretur,
547 3148 771 3220 postulantibus
789 3147 912 3207 Clodius
929 3151 1043 3209 tacuit?
1086 3152 1144 3226 Ac,

327 3259 387 3312 228
