2526 3850
455 274 625 334 MARCUS
647 274 829 335 TULLIUS
851 274 1002 333 CICERO

280 397 348 455 illos
362 395 420 454 hoc
435 396 517 454 idem
532 417 587 468 per
597 397 744 470 populum
754 396 950 455 adsecuturos
961 396 1064 469 fuisse,
1074 400 1169 455 invitis

281 506 410 563 tribunis
424 505 464 576 pl.
482 505 546 563 fieri
561 505 645 564 nullo
659 505 749 563 modo
764 510 872 576 potuit.
911 505 960 563 lta
974 525 1080 563 vereor
1093 525 1130 563 ne
1140 513 1170 563 et

281 613 382 671 studia
396 614 587 672 tribunorum
601 618 788 672 amiserimus
806 621 849 685 et,
863 618 889 672 si
906 614 1007 672 studia
1023 622 1170 684 maneant,

282 721 415 779 vinclum
429 721 505 779 illud
519 722 783 793 adiungendorum
797 722 955 780 consulum
971 727 1112 780 emissum
1126 726 1169 780 sit.

324 830 454 888 Accedit
467 831 549 888 aliud
565 851 626 888 non
637 851 763 902 parvum
772 831 1008 902 incommodum,
1018 830 1100 902 quod
1109 850 1172 902 gra·

281 941 325 996 vis
340 938 392 996 illa
409 943 520 1010 opinio,
534 947 570 997 ut
587 939 712 1010 quidem
728 940 768 997 ad
785 959 840 997 nos
857 939 1077 1011 perferebatur,
1092 958 1172 996 sena·

281 1054 348 1104 tum
362 1046 439 1103 nihil
453 1047 632 1118 decemere,
641 1055 804 1118 antequem
818 1048 858 1105 de
873 1048 959 1105 nobis
974 1055 1076 1105 actum
1087 1055 1174 1118 esset,

281 1159 389 1213 amissa
408 1163 465 1226 est,
485 1160 663 1226 praesertim
681 1159 714 1212 in
734 1175 770 1212 ea
790 1174 888 1226 causa,
909 1175 986 1226 quae
1004 1175 1067 1213 non
1088 1155 1176 1213 modo

282 1267 450 1345 necessarie
464 1284 526 1321 non
540 1263 609 1335 fuit,
624 1263 678 1321 sed
697 1268 789 1322 etiam
806 1267 951 1321 inusitata
967 1284 1002 1320 ac
1020 1284 1097 1321 nova
1110 1250 1176 1333 (ne-

282 1391 341 1442 que
364 1375 446 1429 enim
468 1391 611 1443 umquam
632 1373 761 1430 arbitror
776 1380 902 1442 ¹ornatas
925 1392 990 1429 esse
1012 1376 1178 1443 provincias

282 1467 534 1550 designatorum),
551 1487 596 1550 ut,
615 1500 683 1537 cum
703 1483 735 1536 in
755 1479 813 1537 hoc
832 1479 885 1537 illa
904 1484 1083 1551 constantia,
1101 1500 1178 1551 quae

283 1594 349 1644 erat
362 1607 431 1644 mea
446 1607 534 1645 causa
549 1594 699 1659 suscepta,
710 1591 871 1651 imminuta
885 1592 934 1659 sit,
946 1587 1022 1645 nihil
1037 1592 1096 1645 iam
1111 1604 1179 1659 pos·

283 1698 323 1753 sit
347 1715 421 1752 non·
434 1695 565 1753 decerni.
612 1695 662 1767 Iis,
689 1696 727 1754 ad
751 1715 825 1767 quos
847 1696 977 1754 relatum
1000 1704 1057 1768 est,
1076 1700 1181 1755 aulicis

282 1803 429 1874 placuisse
444 1823 506 1861 non
520 1808 629 1861 mirum
645 1812 704 1873 est3
723 1809 886 1862 eratenim
900 1804 1021 1862 difficile
1036 1809 1182 1877 reperire,

282 1916 334 1982 qui
352 1919 457 1969 contra
474 1919 560 1970 tanta
580 1912 738 1970 commoda
757 1912 885 1970 duorum
904 1913 1062 1970 consulum
1079 1913 1183 1984 palam

282 2024 467 2092 sententiam
482 2021 606 2079 diceret.
652 2021 723 2079 Fuit
738 2025 861 2078 omnino
878 2021 999 2079 difficile
1017 2041 1078 2079 non
1092 2022 1183 2080 obse·

282 2133 334 2200 qui
349 2128 397 2187 vel
411 2133 590 2188 amicissimo
607 2129 733 2201 homini,
749 2129 891 2200 Lentulo,
907 2129 955 2187 vel
974 2129 1113 2201 Metell0,
1129 2134 1185 2202 qui

282 2237 469 2295 simultatem
490 2237 705 2296 humanissime
728 2238 911 2309 deponeret;
930 2237 985 2296 sed
1006 2257 1124 2310 vereor,
1142 2258 1185 2296 ne

282 2346 337 2404 hos
346 2353 450 2403 tamen
459 2353 566 2404 tenere
577 2350 774 2417 potuerimus,
783 2347 920 2404 tribunos
931 2345 971 2417 pl.
983 2350 1184 2404 amiserimus.

284 2455 372 2512 Haec
386 2473 434 2512 res
449 2474 541 2525 quem
555 2454 594 2511 ad
608 2454 733 2512 modum
751 2454 905 2525 ceciderit,
921 2462 954 2512 et
971 2462 1037 2511 tota
1054 2474 1104 2512 res
1123 2475 1188 2526 quo

282 2562 349 2620 loco
368 2566 418 2634 sit,
438 2562 530 2620 velim
549 2563 588 2620 ad
611 2583 661 2620 me
685 2563 796 2620 scribas
820 2570 853 2620 et
875 2566 928 2633 in,
951 2570 987 2620 ut
1009 2566 1185 2621 instituisti.

283 2670 362 2757 Nam
379 2674 438 2729 ista
454 2675 574 2742 veritaS,
595 2674 713 2728 etiamsi
733 2670 865 2728 iucunda
884 2690 946 2727 non
967 2678 1024 2741 est,
1039 2671 1118 2728 mihi
1138 2679 1189 2729 ta·

282 2798 354 2836 men
368 2787 456 2850 grata
470 2786 524 2837 est.

326 2885 407 2944 Data
421 2906 465 2944 nn
482 2887 526 2945 ld.
545 2886 706 2945 Decembr.
