2494 3854
444 318 615 377 MARCUS
634 318 819 377 muts
838 319 991 377 CICERO

268 438 832 510 rpormrptdopfnpoemamenon
849 441 1169 511 hbmturidetsed

268 535 361 593 modo
380 542 548 607 mma,
568 535 661 593 nudo
679 541 794 607 gruum
813 542 888 607 :gu
931 536 1019 593 siml
1039 542 1127 594 enim
1150 559 1169 593 a

207 606 247 717 J
268 650 320 689 me
341 630 377 688 st
400 651 471 689 mm
494 630 559 689 nn
581 631 663 689 mus
690 632 897 699 mmm
927 640 1051 689 mum
1074 633 1168 690 mdo

267 726 483 785 dissimilrtudo
332 730 340 743 ‘
397 731 405 743 '
495 746 584 785 ureae
597 727 1038 785 mtimisoffuadithominem.
1082 727 1167 799 Quid

268 826 353 881 enirn
365 830 470 894 potest
482 842 549 881 eme
565 830 631 880 tam
649 823 796 881 dimimile
811 844 905 894 quam
922 824 977 881 illo
992 828 1166 895 irnpmnte

268 915 448 975 ahaustmn
475 936 543 975 esse
570 918 742 988 sumptibus
762 925 797 974 et
815 922 940 975 iacturis
967 922 1166 989 provinciam,

268 1012 356 1070 nobis
392 1032 461 1071 eam
498 1013 710 1071 obtinentibus
748 1033 908 1070 nummum
941 1013 1064 1070 nullum
1098 1033 1168 1071 eme

269 1113 428 1178 erogatum
442 1107 877 1179 uecpriraiimnecpublice?
918 1106 1167 1178 Quiddicsmde

268 1194 350 1253 sslius
362 1195 536 1268 praefectis,
546 1196 719 1267 comitibus,
728 1196 840 1267 legatis
850 1198 965 1253 eiiam?
991 1197 1167 1267 derapinis,
1237 1254 1238 1259 ,

269 1283 309 1342 de
322 1283 509 1357 hbidinibus,
523 1284 565 1343 de
578 1285 791 1343 contumeliis?
832 1285 924 1342 Nunc
936 1293 1043 1343 autem
1056 1285 1167 1344 domus

268 1372 444 1432 mehercule
464 1374 550 1432 nulla
569 1382 657 1432 tanto
677 1375 803 1432 consilio
822 1383 877 1432 aut
897 1381 985 1432 tanta
1004 1362 1182 1446 disdplirn'
1237 1428 1238 1435 ,

267 1463 1169 1535 gubemturauttammodesuestquamnoeuatota

268 1556 429 1624 provincia
489 1554 577 1611 Haec
604 1573 668 1611 non
699 1553 777 1610 nulli
808 1558 899 1610 amici
925 1552 1009 1624 Appi
1036 1553 1168 1612 ridicule
1237 1608 1238 1615 ,

268 1644 520 1714 interpretantur,
542 1647 596 1714 qui
617 1662 667 1700 me
689 1641 802 1700 idcirco
822 1650 935 1714 putent
955 1643 1037 1700 bene
1057 1643 1168 1701 audire

269 1730 359 1803 velle,
373 1738 409 1790 ut
422 1731 475 1791 ille
488 1731 569 1790 male
581 1731 696 1802 audiat,
711 1739 744 1790 et
765 1740 850 1790 recte
870 1731 972 1789 facere
991 1751 1055 1788 non
1075 1752 1168 1791 meae

268 1818 376 1893 laudis,
389 1820 446 1880 scd
459 1821 539 1880 illius
554 1821 758 1879 contumeliae
772 1841 869 1878 causa
913 1820 968 1879 Sin
982 1820 1114 1892 Appius,
1129 1830 1167 1880 ut
1237 1830 1238 1897 i

269 1908 356 1968 Bruti
369 1909 502 1980 litterae,
516 1929 591 1982 quas
604 1910 644 1968 ad
658 1918 691 1968 te
705 1913 798 1980 misit,
815 1909 1035 1980 significabant,
1049 1915 1169 1980 gratias

268 1999 355 2057 nobis
369 2004 444 2071 agit,
457 2019 520 2058 non
533 1999 663 2058 moleste
678 1999 753 2070 fero,
767 1999 823 2057 sed
836 2006 942 2057 tamen
957 2018 994 2056 eo
1014 2003 1082 2070 ipso
1103 2000 1168 2069 die,

268 2107 329 2160 quo
357 2088 433 2148 haec
460 2098 534 2148 ante
561 2089 662 2147 lucem
690 2089 869 2159 scribebam,
897 2089 1070 2159 cogitabam
1100 2094 1168 2148 eius

267 2178 365 2237 multa
379 2184 483 2251 inique
497 2184 664 2238 constituta
678 2187 712 2237 et
725 2186 794 2236 acta
807 2177 924 2235 tollere.

310 2269 401 2328 Nunc
423 2274 513 2328 venio
534 2269 575 2326 ad
597 2268 736 2339 Brutum,
757 2287 850 2338 quem
874 2287 932 2338 ego
956 2271 1039 2324 omni
1062 2270 1169 2328 studio

268 2365 301 2416 te
328 2366 452 2417 auctore
483 2379 551 2416 sum
586 2357 771 2430 complexus,
806 2377 899 2428 quem
934 2360 1026 2415 etiam
1062 2377 1168 2417 amare

268 2467 448 2519 coeperam3
469 2448 525 2507 sed
539 2447 609 2505 ilico
625 2467 675 2505 me
692 2450 840 2516 revocavi,
858 2466 898 2504 ne
915 2453 949 2504 te
966 2444 1166 2507 offenderem.
1237 2452 1238 2455 ’

269 2535 340 2594 Noli
357 2542 440 2596 enim
461 2544 569 2609 putare
590 2555 639 2595 me
661 2540 822 2608 quicquam
843 2535 994 2605 maluisse,
1015 2554 1110 2605 quam
1132 2544 1169 2594 ut
1237 2564 1238 2615 a

268 2626 419 2685 mandatis
433 2631 506 2685 satis
520 2625 662 2696 facerem,
677 2645 735 2683 nec
750 2624 812 2683 ulla
825 2625 865 2683 de
879 2644 913 2682 re
924 2623 991 2697 plus
1001 2623 1165 2684 laborasse.
1237 2688 1238 2701 ἶ

269 2714 484 2774 Mandatorum
505 2723 610 2774 autem
631 2714 707 2772 mihi
727 2713 866 2772 libellum
887 2713 983 2784 dedit,
1004 2713 1167 2786 isdemque
1237 2708 1238 2741 ³

268 2804 308 2863 de
332 2805 422 2863 rebus
446 2813 481 2863 tu
505 2824 626 2864 mecum
651 2824 772 2875 egeras
810 2803 922 2862 Omnia
943 2822 1011 2861 sum
1032 2803 1166 2875 diligen·

267 2897 384 2953 tissime
419 2902 604 2966 persecutus.
650 2893 784 2951 Primum
819 2894 858 2950 ab
888 2892 1094 2951 Ariobarzane
1123 2899 1167 2951 sic

268 2983 424 3055 contendi,
435 2990 471 3041 ut
480 2983 608 3055 talenta,
619 2982 782 3054 quaemihi
790 2982 1000 3055 pollicebatur,
1009 2982 1054 3039 illi
1065 2981 1163 3061 daret

269 3071 377 3144 Quoad
391 3092 512 3132 mecum
525 3093 579 3132 rex
593 3072 662 3144 fuit,
677 3074 813 3145 perbono
833 3072 900 3130 loco
920 3089 968 3129 res
990 3078 1075 3139 erat3
1095 3078 1168 3143 post

267 3182 285 3219 a
301 3161 425 3235 Pompei
439 3163 683 3235 procuratoribus
697 3166 845 3221 sescentis
860 3165 956 3232 premi
968 3167 1096 3232 coeptus
1107 3169 1164 3220 est.

352 3258 413 3318 416
