2494 3854
383 257 386 261 ’
433 282 603 342 Marcus
624 280 806 341 ruimus
828 279 978 339 crosno

256 409 331 464 meis
345 409 378 464 in
393 408 549 462 civitatem
562 403 727 474 beneficiis,
739 409 775 461 ut
788 406 948 474 negotium
959 401 1159 473 conficerent,

257 526 390 596 denique
415 525 479 582 dixi
502 544 552 582 me
575 526 756 581 coacturum.
803 524 954 581 Homines
977 543 1039 580 non
1064 523 1159 581 modo

257 666 320 704 non
333 664 482 716 recusare,
497 645 552 703 sed
566 649 660 702 etiam
673 643 731 701 hoc
749 644 862 714 dicere,
876 663 909 702 se
926 663 944 700 a
960 662 1010 702 me
1028 642 1156 702 solvere.
1199 652 1205 662 '

258 765 349 838 Quod
369 770 451 823 enim
472 768 603 838 praetori
620 764 692 821 dare
710 771 917 834 consuessent,
935 768 1078 834 quoniam
1098 784 1158 835 ego

258 906 321 944 non
337 906 523 959 acceperam,
543 905 575 944 se
595 906 613 942 a
632 904 682 943 me
702 884 833 956 quodam
852 884 943 942 modo
962 884 1046 957 dare,
1063 891 1158 956 atque

259 1011 352 1065 etiam
366 1011 465 1064 minus
480 1025 546 1064 esse
557 1005 712 1076 aliquanto
723 1008 755 1061 in
766 1005 870 1076 Scapti
881 1009 1004 1062 nomine
1019 1024 1110 1075 quam
1125 1009 1159 1062 in

231 1158 246 1169 ι
259 1127 401 1198 vectigali
415 1129 573 1199 praetorio.
619 1124 792 1183 Collaudavi
810 1125 957 1183 homines.
1002 1110 1158 1197 “Recte,’'
1240 1128 1241 1153 ¹

253 1232 360 1319 'inquit
373 1247 522 1318 Scaptius,
538 1232 618 1304 “sed
633 1242 835 1304 subducamus
849 1245 1027 1303 summam.”
1072 1244 1160 1304 lnte'-
1195 1272 1199 1277 ·
1239 1272 1241 1321 j

259 1373 326 1439 rim,
348 1388 418 1425 cum
439 1386 497 1438 ego
518 1371 550 1424 in
572 1366 673 1425 edicto
694 1366 880 1424 translaticio
905 1370 1086 1424 centesimas
1107 1387 1160 1425 me
1239 1358 1241 1443 ξ

260 1490 489 1546 observaturum
502 1487 648 1545 haberem
662 1507 732 1544 cum
746 1491 931 1544 anatocismo
944 1491 1161 1559 anniversario,
1233 1536 1241 1575 ,ἰ

261 1608 312 1666 ille
328 1628 365 1666 ex
380 1607 552 1679 syngrapha
565 1608 739 1680 postulabat
753 1614 922 1678 quaternas.
953 1593 1063 1679 “Quid
1076 1612 1120 1666 ais
1127 1610 1160 1666 ?”

261 1734 394 1801 inquam,
409 1714 596 1801 “possumne
608 1736 714 1787 contra
724 1747 827 1786 meum
839 1727 1017 1786 edictum?”
1048 1728 1093 1787 At
1106 1729 1161 1788 ille

261 1849 378 1922 profert
392 1857 514 1908 senatus
528 1849 701 1907 consultum
718 1848 852 1907 Lentulo
871 1848 1072 1921 Philippoque
1088 1870 1161 1909 con·
1238 1902 1240 1917 ,

262 1970 386 2041 sulibus,
401 1970 457 2041 Vr,
473 1989 520 2037 ovr
537 1970 674 2028 Cimonis
692 1987 870 2039 onrrusnrr,
888 1989 931 2027 rvs
949 1988 987 2026 nx
1005 1989 1069 2027 nm
1088 1990 1160 2028 svn-

262 2110 382 2152 ananus
397 2108 550 2173 orcnnnn
577 2090 723 2148 Cohorrui
738 2094 850 2161 primo;
871 2094 986 2148 etenim
1002 2097 1069 2148 erat
1079 2095 1161 2150 inte-

261 2216 338 2270 ritus
355 2215 493 2270 civitatis.
539 2211 669 2282 Reperio
688 2210 750 2269 duo
767 2218 889 2269 senatus
907 2211 1045 2269 consulta
1061 2213 1161 2271 isdem

262 2335 434 2395 consulibus
449 2335 488 2393 de
503 2334 611 2392 eadem
625 2334 804 2406 syngrapha.
846 2335 1001 2394 Salaminii
1015 2355 1085 2393 cum
1102 2336 1161 2394 Ro·
1182 2317 1186 2326 ’

262 2475 330 2514 mae
345 2475 498 2514 versuram
512 2455 611 2514 facere
626 2455 752 2526 vellent,
767 2474 830 2513 non
846 2463 999 2527 poterant,
1013 2455 1096 2526 quod
1110 2458 1161 2516 lex

264 2577 393 2634 Gabinia
403 2576 534 2634 vetabat,
571 2575 650 2632 Tum
661 2580 697 2632 iis
709 2575 796 2633 Bruti
807 2572 969 2634 familiares
980 2575 1051 2634 freti
1063 2582 1161 2647 gratia

264 2696 350 2754 Bruti
364 2696 436 2754 dare
451 2696 594 2754 volebant
605 2700 770 2767 quaternis,
783 2699 807 2754 si
819 2696 875 2753 sibi
887 2703 1009 2754 senatus
1021 2698 1161 2756 consulto

105 2833 144 2916 ‘9
171 2854 177 2863 ·
263 2824 428 2875 caveretur.
474 2817 523 2873 Fit
543 2820 641 2888 gratia
663 2817 749 2874 Bruti
770 2824 893 2903 senatus
915 2816 1100 2890 consultum,
1117 2819 1161 2877 Vr

215 2904 251 2994 s
262 2954 340 2995 ΝΜ
359 2937 540 3008 sisinnus,
556 2955 632 2994 usvu
650 2956 697 3002 ovr
716 2956 1047 3008 mensnrsssr,ruavn1
1067 2957 1158 2998 esser.

264 3056 427 3116 Pecuniam
441 3065 647 3122 numerarunt.
692 3057 736 3115 At
749 3064 855 3130 postea
872 3063 1006 3117 venitin
1023 3068 1161 3121 mentem

346 3227 406 3279 408
