2480 3862
433 296 605 358 MARCUS
625 296 808 358 TULLIUS
830 297 980 359 CICERO

258 418 467 478 hereditatum
494 419 742 492 possessionibus,
771 418 811 478 de
840 419 927 478 bonis
955 419 1156 492 possidendis,

138 560 146 579 ι
256 533 435 606 vendendis,
458 538 609 606 magistris
639 534 796 605 faciendis,
819 554 897 606 quae
926 553 964 592 ex
993 535 1097 593 edicto
1124 543 1157 593 et

257 649 403 722 postulari
425 657 459 708 et
481 650 546 707 fieri
570 649 678 708 solent.
723 649 861 708 Tertium
884 648 923 707 de
948 649 1066 720 reliquo
1091 655 1155 708 iure

257 763 390 821 dicundo
405 762 538 835 ἄγραφον
552 763 668 834 reliqui.
701 762 773 820 Dixi
788 783 837 821 me
853 762 892 822 de
908 782 945 820 eo
958 782 1074 834 genere
1088 784 1154 821 mea

258 876 382 936 decreta
395 876 436 936 ad
451 876 552 936 edicta
566 877 682 935 urbana
695 877 1001 935 accommodatumm.
1048 876 1156 948 Itaque

258 1010 330 1049 curo
345 998 378 1049 et
391 995 463 1049 satis
477 990 556 1048 facio
569 990 669 1048 adhuc
681 991 828 1048 omnibus
853 991 963 1049 Graeci
973 1009 1046 1049 vero
1057 991 1157 1049 exsul-

260 1113 338 1177 tant,
354 1104 435 1176 quod
456 1100 625 1177 peregrinis
646 1104 796 1163 iudicibus
817 1112 954 1163 utuntur.
993 1090 1159 1177 “Nugato-

258 1219 340 1276 ribus
355 1218 509 1289 quidem,”
522 1221 648 1288 inquies.
673 1216 757 1289 Quid
771 1217 885 1276 refert?
906 1226 1011 1276 tamen
1026 1237 1058 1276 se
1073 1217 1159 1277 αὐτο-

259 1331 360 1403 νομίαν
379 1331 507 1404 adeptos
532 1338 651 1403 putant.
689 1331 791 1390 Vestri
812 1336 904 1403 enirn,
927 1331 1028 1404 credo,
1049 1351 1160 1404 graves

261 1445 378 1503 habent
391 1445 577 1517 Turpionem
592 1449 741 1503 sutorium
756 1453 789 1503 et
799 1444 939 1503 Vettium
953 1450 1136 1530 mancipem.

300 1560 348 1618 De
362 1559 530 1631 publicanis
544 1559 618 1631 quid
632 1579 730 1630 agam,
741 1559 852 1618 videris
867 1579 1020 1630 quaerere.
1044 1560 1161 1621 Habeo

173 1676 177 1686 '
258 1678 292 1731 in
313 1673 439 1744 deliciis,
461 1674 619 1744 obsequor,
634 1673 734 1731 verbis
754 1671 855 1744 laudo,
877 1692 967 1741 om03
989 1673 1094 1745 efficio,
1118 1695 1161 1733 ne

259 1791 307 1845 eui
318 1786 439 1845 molesti
450 1790 519 1844 sint.
543 1785 582 1843 Τὸ
591 1778 829 1857 παραδοξότατον,
841 1805 945 1843 usuras
957 1805 1070 1857 eorum,
1082 1806 1161 1859 quas

260 1901 450 1973 pactionibus
474 1900 706 1971 adscripserant,
731 1903 862 1957 servavit
884 1903 977 1958 etiarn
1001 1899 1159 1959 Servilius.
1230 1876 1233 1967 l

263 2015 329 2087 Ego
344 2019 394 2073 sic.
433 2013 524 2072 Diem
539 2021 640 2072 statuo
655 2018 727 2072 satis
747 2013 855 2084 laxam,
867 2033 958 2084 quam
971 2021 1042 2072 ante
1058 2019 1084 2073 si
1100 2015 1161 2073 sol-

143 2146 147 2155 *
261 2131 371 2200 verint,
386 2128 454 2186 dico
468 2147 518 2212 me
533 2130 713 2185 centesimas
734 2125 913 2194 ducturum;
934 2131 1039 2184 sinon
1059 2129 1161 2190 solve-

258 2247 330 2313 rint,
343 2262 380 2300 ex
395 2246 544 2314 pactione.
576 2226 683 2311 Itaque
699 2248 732 2298 et
747 2240 857 2298 Graeci
870 2240 991 2298 solvunt
1003 2241 1161 2303 tolerabili

259 2355 393 2426 faenore,
412 2362 444 2412 et
463 2338 632 2426 publicanis
651 2373 700 2412 res
720 2361 767 2411 est
785 2356 965 2424 gratissima,
980 2357 1004 2411 si
1023 2353 1078 2413 illa
1098 2362 1161 2417 iam

260 2470 377 2529 habent
387 2468 479 2542 pleno
488 2469 599 2539 modio,
608 2467 768 2526 verborum
779 2458 935 2538 honorem,
944 2456 1161 2531 inritationem

260 2584 405 2642 crebram.
450 2581 534 2654 Quid
552 2581 657 2653 plura?
679 2587 751 2638 sunt
770 2598 875 2638 omnes
894 2585 938 2639 ita
956 2579 1032 2639 mihi
1047 2582 1160 2643 famili-

191 2733 194 2737 ·
259 2716 335 2769 ares,
364 2703 400 2754 ut
428 2714 460 2754 se
489 2699 616 2768 quisque
644 2697 774 2753 maxime
803 2700 900 2766 putet.
959 2693 1022 2754 Sed
1053 2704 1161 2758 tamen

259 2809 345 2884 μηδὲν
358 2808 553 2874 adroic-scis
567 2810 690 2881 reliqua.

302 2920 350 2979 De
362 2926 462 2978 statua
471 2919 606 2977 Africani
617 2906 653 2987 (ὣ
663 2916 839 2989 πραγμάτων
850 2916 1089 2989 emulemur!
1105 2922 1162 2981 sed

243 3048 246 3053 ’
259 3049 310 3088 me
321 3028 353 3088 id
364 3033 463 3101 ipsum
473 3028 639 3086 delectavit
649 3030 681 3082 in
692 3030 753 3084 tuis
762 3014 888 3095 litteris)
898 3030 948 3083 ain
957 3028 1013 3083 tu?
1057 3028 1162 3101 Scipio

260 3139 311 3196 hic
340 3136 487 3196 Metellus
510 3154 655 3208 proavum
678 3154 764 3193 suum
788 3138 887 3193 nescit
914 3153 1074 3196 censorem
1098 3158 1164 3199 non

345 3251 405 3303 432
