2484 3854
451 272 620 332 MARCUS
642 273 824 333 TULLIUS
846 273 996 333 CICERO

589 466 592 471 ⁴
691 515 753 573 XII

573 643 678 681 crosno
692 643 798 682 arrico
813 644 871 681 sau

61 721 120 779 Ser·
138 721 241 779 Tribus
318 734 443 803 Negent
457 734 501 790 illi
517 732 658 791 Publium
672 733 827 805 plebeium
842 732 957 790 factum
972 735 1057 791 esse?
1101 735 1176 793 Hoc

65 804 201 863 Tabemss
272 862 344 899 vero
355 862 484 912 regnum
499 849 546 899 est
557 850 590 900 et
605 842 677 899 ferri
691 841 775 899 nullo
786 849 876 913 paeto
890 849 1001 912 potest·
1039 842 1176 901 Emittat

52 887 251 1030 ῗᾶΙαΚθρὸ
272 949 311 1006 ad
332 970 382 1007 me
405 950 538 1020 Publius,
556 954 607 1021 qui
629 950 808 1020 obsignent3
829 951 933 1007 iurabo
954 949 1094 1008 Gnaeum
1116 972 1175 1009 no-

272 1058 532 1129 strum,eollegam
539 1058 636 1129 Balbi,
643 1057 946 1116 Antimihinarrasse
954 1062 1175 1132 seinauspicio

272 1161 391 1225 fuisses

233 1283 235 1286 '
314 1276 342 1334 Ο
365 1294 470 1333 suaves
492 1275 636 1346 epistulas
657 1283 725 1333 tuas
747 1295 808 1332 uno
828 1282 967 1346 tempore
986 1274 1062 1332 mihi
1083 1276 1174 1337 datas

271 1383 360 1441 duas!
405 1382 523 1455 QuIbus
544 1381 701 1454 εὐαγγέλια
715 1403 792 1454 quae
815 1382 951 1455 reddam,
972 1388 1090 1455 nesei0;
1116 1386 1173 1459 de-

273 1600 462 1657 Emerseram
473 1600 665 1657 commodum
676 1620 713 1658 ex
725 1600 845 1658 Antiati
859 1604 892 1657 in
903 1600 1035 1672 Appiam
1048 1602 1088 1660 ad
1103 1602 1174 1662 Tris

271 1708 424 1766 Tabernas
445 1712 517 1779 ipsis
538 1708 714 1779 Cerialibus,
729 1729 799 1765 oum
816 1711 849 1765 in
862 1728 913 1765 me
927 1712 1054 1767 incurrit
1075 1710 1174 1770 Roma

271 1821 397 1875 veniens
418 1817 508 1874 Curio
527 1836 621 1874 meus.
667 1815 786 1874 Ibidem
805 1816 875 1873 ilico
894 1836 971 1887 puer
983 1818 1037 1875 abs
1050 1825 1083 1875 te
1099 1838 1173 1878 cum

272 1493 337 1549 beri
365 1492 489 1563 quidem
517 1491 608 1563 plane
637 1491 742 1549 fateor.
798 1491 860 1551 Sed
888 1492 958 1551 vide
984 1492 1173 1565 ονγκύρημα.
1224 1478 1235 1903 4

272 1924 416 1996 epistidis.
463 1923 519 1981 Ille
543 1943 580 1981 ex
600 1943 661 1995 me,
675 1924 792 1982 nibilne
811 1923 962 1982 audissem
979 1929 1056 1982 novi.
1102 1925 1174 1998 Ego

270 2052 392 2104 negare.
436 2018 616 2103 “Publius’'
631 2036 741 2103 Inquit,
757 2018 975 2090 “tribunatum
996 2033 1035 2105 pl.
1057 2036 1170 2105 petit.''

271 2126 290 2153 “
301 2140 384 2213 Quid
398 2140 485 2199 ais?'’
517 2126 588 2198 “Et
602 2143 825 2198 inimicissimus
840 2140 965 2211 quidem
980 2142 1124 2214 Caesaris,
1136 2152 1171 2202 et

271 2258 306 2308 ut
316 2249 446 2321 omnia,”
459 2253 569 2320 mquit,
580 2234 600 2260 “
610 2253 668 2305 ista
678 2248 859 2306 rescindat.’'
892 2235 1004 2320 “Quid
1016 2249 1169 2308 Caesar?’'

271 2364 402 2431 inquam.
447 2342 576 2428 “Negat
600 2377 633 2414 se
656 2361 816 2428 quicquam
839 2357 879 2415 de
901 2357 982 2416 illius
1004 2358 1170 2430 adoptione

271 2465 405 2526 tulisse.''
451 2465 573 2523 Deinde
601 2485 699 2536 suum,
723 2466 860 2537 Memmi,
890 2466 1010 2524 Metelli
1039 2467 1171 2540 Nepotis

272 2578 458 2645 exprompsit
479 2573 589 2630 odium.
634 2573 815 2645 Complexus
829 2578 972 2633 iuvenem
985 2575 1085 2633 dimisi
1099 2596 1169 2647 pro-

272 2703 379 2756 perans
401 2682 440 2740 ad
466 2682 617 2753 epistulas.
663 2682 724 2740 Ubi
749 2690 830 2753 sunt,
858 2687 909 2753 qui
938 2688 1024 2741 aiunt
1052 2671 1170 2755 “laium
1230 2750 1231 2765 χ

272 2792 414 2863 φωνῆς”ἳ
435 2798 550 2862 quanto
564 2795 660 2861 magis
674 2791 736 2848 vidi
755 2788 793 2848 ex
813 2796 873 2849 tuis
894 2791 1005 2850 litteris
1024 2813 1114 2864 quam
1129 2815 1168 2853 ex

271 2902 351 2958 illius
365 2918 515 2970 sermone,
530 2898 603 2970 quid
621 2906 773 2970 ageretur,
788 2899 828 2957 de
842 2903 1045 2959 ruminatione
1059 2903 1168 2960 cotidi-
1229 2952 1230 2955 ,

270 3030 338 3079 ana,
357 3008 397 3066 de
418 3011 603 3078 cognatione
626 3006 724 3077 Publi,
741 3006 780 3064 de
800 3007 883 3065 lituis
902 3006 1052 3080 θοώιτιδος,
1070 3010 1110 3068 de
1128 3017 1169 3070 si·
1229 2976 1230 2997 l

270 3117 390 3190 gnifero
411 3110 651 3185 Athenione,'de
666 3114 776 3172 litteris
797 3120 894 3173 missis
908 3116 947 3174 ad
963 3116 1112 3185 Gnaeum,
1128 3120 1169 3181 de
1229 3198 1230 3209 χ

358 3231 414 3283 142
