2494 3854
435 270 613 361 Murcus
628 283 811 359 Turpius
823 354 825 359 ¹
833 283 984 355 cronno
999 350 1002 357 ,

259 414 292 466 et
307 404 495 478 Quinctilem
509 410 541 462 in
556 412 663 464 metu:
695 404 788 475 Est0;
810 404 886 463 duos
900 403 1026 476 quidem
1040 424 1161 470 menses

197 546 206 557 ψ
259 515 422 574 sustinebit
444 513 576 572 Bibulus.
622 512 709 585 Quid.
727 513 779 571 illo
801 513 864 584 fiet,
884 533 977 584 quem
999 513 1160 585 reliquero,

259 627 437 695 praesertim
455 626 480 680 si
499 622 647 679 fratrem?
673 621 746 693 quid
768 642 818 679 me
838 624 952 692 autem,
971 626 996 679 si
1015 641 1078 679 non
1099 629 1161 679 tam

260 736 321 788 cito
340 730 478 788 decedo?
522 730 636 801 Magna
656 730 746 788 turba
767 737 822 788 est,
868 730 947 788 Mihi
967 736 1073 787 tamen
1093 750 1161 788 cum

262 839 406 897 Deiotaro
420 843 574 908 convenit,
589 846 625 896 ut
645 838 697 896 ille
717 843 749 895 in
770 842 845 896 meis
865 843 970 896 castris
991 846 1073 896 esset
1093 857 1160 895 cum

260 952 321 1005 suis
344 951 436 1018 copiis
460 947 607 1004 omnibus
654 947 760 1004 Habet
782 953 886 1004 autem
907 946 1048 1004 cohortes
1067 945 1162 1017 quad-

261 1059 446 1126 ringenarias
469 1062 572 1112 nostra
592 1062 744 1112 armatura
765 1069 843 1116 xxx.
865 1059 1003 1126 equitum
1021 1070 1079 1115 Clo
1096 1069 1161 1115 cm.

263 1164 330 1222 Erit
348 1165 388 1221 ad
407 1162 651 1233 sustentandum,
666 1163 766 1233 quoad
788 1163 949 1236 Pompeius
967 1169 1088 1233 veniat;
1109 1169 1163 1236 qui

261 1273 382 1342 litteris,
397 1291 471 1342 quas
485 1272 524 1329 ad
538 1290 588 1328 me
602 1271 875 1342 mittit,·significat
895 1291 983 1329 suum
1002 1276 1163 1344 negotium

262 1380 338 1438 illud
349 1380 421 1437 fore.
469 1380 617 1437 Hiemant
632 1383 664 1436 in
678 1387 781 1437 nostra
795 1384 950 1453 provincia
965 1379 1070 1438 Parthi
1077 1399 1087 1451 ;
1109 1399 1162 1438 ex·

262 1495 417 1560 spectatur
440 1492 504 1559 ipse
528 1487 655 1546 Orodes.
700 1486 784 1559 Quid
803 1490 944 1560 quaeris?
973 1489 1164 1561 aliquantum

263 1603 310 1653 est
323 1600 448 1666 negotii.

305 1703 353 1763 De
374 1703 475 1761 Bibuli
496 1703 597 1761 edicto
619 1703 695 1761 nihil
717 1708 787 1762 novi
809 1712 932 1776 praeter
949 1703 1032 1762 illam
1052 1724 1164 1777 excep·

262 1816 388 1884 tionem,
412 1813 451 1870 de
475 1819 590 1897 quatu
613 1811 653 1870 ad
676 1832 727 1870 me
749 1816 920 1885 scripseras,
940 1797 1054 1871 “nimis
1076 1819 1165 1884 gravi

263 1920 447 1993 praeiudicio
461 1925 493 1978 in
507 1920 646 1978 ordinem
660 1920 826 1978 nostrum.'’
864 1921 931 2001 Ego
945 1929 1048 1980 tamen
1062 1921 1165 1981 habeo

263 2027 497 2100 ἰσοδυναμοΰσαν,
516 2029 570 2086 sed
584 2033 755 2099 tectiorem,
771 2048 809 2087 ex
825 2027 862 2100 Q.
881 2029 965 2088 Muci
981 2029 1012 2087 P.
1025 2029 1045 2086 f.
1059 2029 1165 2088 edicto

263 2138 406 2208 Asiatico,
422 2137 528 2194 Ex'rnn
543 2155 622 2202 0st
638 2155 661 2192 sr
684 2155 733 2193 rrn
748 2154 902 2195 nroorrvu
917 2140 1030 2195 cssrvn
1046 2156 1109 2209 sss,
1125 2158 1165 2196 vr

264 2264 300 2303 ro
315 2264 399 2302 srsru
414 2263 476 2302 nou
496 2263 650 2301 oronim
669 2263 707 2301 rur
727 2263 796 2301 rins
816 2263 903 2316 roni,
918 2245 1074 2315 multaque
1095 2265 1165 2304 sum

263 2361 384 2412 secutus
399 2352 570 2423 Scaevolae,
586 2357 619 2409 in
633 2356 669 2409 iis
684 2352 771 2423 illud,
786 2356 819 2409 in
834 2372 894 2425 quo
909 2354 966 2411 sibi
985 2353 1164 2412 libertatem

264 2468 391 2520 censent
407 2461 515 2518 Graeci
530 2459 644 2532 datam,
659 2468 694 2518 ut
715 2461 835 2518 Graeci‘
844 2465 925 2519 inter
940 2481 972 2520 se
987 2460 1165 2534 disceptent

264 2574 324 2627 suis
338 2570 464 2641 legibus
503 2569 600 2627 Breve
614 2577 719 2627 autem
734 2569 870 2627 edictum
884 2577 932 2628 est
945 2576 1070 2642 propter
1084 2570 1164 2645 hanc

264 2698 364 2736 meam
386 2676 530 2749 διαίρεσιν,
554 2677 637 2749 quod
657 2677 775 2735 duobus
795 2678 959 2748 generibus
978 2677 1165 2737 edicendum

265 2791 376 2858 putavi.
407 2784 545 2857 Quorum
558 2805 654 2843 unum
669 2793 717 2844 est
731 2785 924 2857 provinciale,
939 2789 971 2843 in
985 2804 1046 2857 quo
1061 2794 1111 2845 est
1125 2785 1165 2844 de

264 2895 431 2953 rationibus
442 2898 610 2965 civitatum,
622 2893 661 2951 de
672 2912 743 2951 aere
757 2892 866 2965 alieno,
879 2892 919 2952 de
930 2890 1029 2965 usura,
1040 2893 1081 2952 de
1093 2914 1165 2967 syn-

264 3001 396 3075 graphis,
408 3007 440 3059 in
455 3001 563 3060 eodem
578 3005 679 3059 omnia
685 3000 729 3060 ‘de
744 3000 921 3073 publicanis,
930 2999 1071 3073 alterum,
1082 3003 1167 3074 quod

266 3117 331 3169 sine
356 3110 457 3168 edicto
480 3115 552 3168 satis
575 3109 733 3168 commode
757 3114 882 3179 transigi
905 3128 967 3166 non
990 3117 1105 3181 potest,
1125 3111 1166 3170 de

350 3243 411 3295 430
