2498 3850
446 281 617 340 MARCUS
638 281 821 341 TULLIUS
843 281 993 340 CICERO

270 421 377 459 manus
391 401 511 460 dedisse
531 410 564 460 et
583 401 755 460 adfirmasse
774 402 851 459 nihil
871 423 903 460 se
918 410 1023 460 contra
1038 407 1103 460 eius
1117 424 1172 461 vo·

270 510 421 567 luntatem
436 530 502 569 esse
516 510 675 568 facturum.
720 510 782 569 Sed
801 519 907 582 postea
921 518 1026 568 tamen
1039 510 1092 569 ille
1106 531 1173 570 non

270 617 391 675 destitit
402 617 441 675 de
452 619 539 675 nobis
550 623 714 689 asperrime
726 618 816 689 loqui
841 616 958 690 Quodsi
969 638 1031 676 non
1042 618 1171 692 faceret,

269 733 375 784 tamen
386 730 415 783 el
425 725 502 783 nihil
514 725 706 785 crederemus
717 734 810 797 atque
821 731 932 798 onmia,
942 730 1020 785 sicut
1031 726 1170 799 facimus,

268 853 448 906 pararemus.

311 955 401 1012 Nunc
415 959 459 1034 ita
472 975 527 1014 nos
541 959 685 1026 gerimuS,
696 963 731 1013 ut
745 959 777 1012 in
791 956 857 1013 dies
871 955 1005 1027 singulos
1020 963 1053 1013 et
1067 956 1171 1016 studia

268 1068 300 1120 in
323 1083 378 1122 nos
403 1062 561 1120 hominum
583 1070 616 1120 et
641 1083 714 1135 opes
736 1071 857 1122 nostrae
882 1071 1069 1136 augeantur;
1102 1085 1171 1124 rem

268 1171 421 1243 publicam
439 1171 523 1229 nulla
538 1191 575 1228 ex
595 1179 682 1243 parte
700 1176 890 1243 attingimus,
904 1177 936 1229 in
955 1176 1052 1263 causis
1073 1180 1170 1244 atque

269 1284 301 1337 ln
312 1279 364 1336 illa
375 1299 466 1350 opera
477 1287 579 1337 nostra
590 1279 703 1337 forensi
714 1299 830 1337 summa
840 1280 988 1338 industria
998 1300 1170 1352 versamur3

269 1386 351 1458 quod
375 1392 498 1459 egregie
518 1408 580 1445 non
602 1388 692 1445 modo
715 1392 762 1459 ils,
777 1393 829 1459 qui
848 1396 977 1446 utuntur
996 1409 1098 1461 opera,
1113 1390 1169 1449 sed

269 1499 362 1553 etiam
376 1499 409 1552 ln
423 1495 531 1567 vulgus
544 1504 667 1568 gratum
681 1516 746 1555 esse
761 1501 917 1555 sentimus.
956 1497 1072 1556 Domus
1086 1498 1168 1557 eele-

269 1598 383 1668 bratur,
414 1602 590 1668 occurritur,
618 1605 780 1655 renovatur
811 1601 956 1655 memoria
984 1597 1169 1671 consulatus

268 1697 369 1757 studia
394 1698 621 1770 significantur;
653 1703 686 1755 ln
711 1717 779 1756 eam
808 1718 894 1770 spem
918 1698 1106 1769 adducimur,
1131 1709 1168 1759 ut

268 1801 355 1857 nobis
380 1819 416 1857 ea
441 1803 706 1870 eontentio,.quae
731 1799 900 1872 impendet,
925 1800 1080 1858 interdum
1104 1820 1168 1860 non

267 1900 414 1973 fuglenda
428 1899 573 1958 videatur.

310 2003 400 2060 Nunc
419 2000 495 2059 mihl
514 2008 547 2059 et
567 2001 698 2059 consiliis
719 2022 794 2073 opus
813 2009 861 2059 est
879 2006 940 2059 tuis
960 2010 993 2060 et
1011 2021 1113 2061 amore
1134 2012 1168 2063 et

268 2104 335 2162 fide.
381 2101 482 2175 Quare
497 2102 612 2161 advola.
658 2102 812 2175 Expedita
824 2103 900 2160 mihi
915 2111 1006 2161 erunt
1019 2108 1130 2177 omnia,
1142 2110 1167 2163 si

266 2214 299 2264 te
315 2204 441 2264 habebo
466 2204 567 2262 Multa
578 2224 633 2275 per
643 2203 811 2261 Varronem
821 2211 959 2262 nostrum
969 2209 1018 2276 agi
1028 2214 1167 2279 possunt,

267 2326 345 2378 quae
359 2314 392 2364 te
407 2313 538 2377 urgente
553 2312 643 2362 emnt
658 2304 796 2376 firmiora,
811 2305 908 2363 multa
920 2306 960 2363 ab
973 2309 1038 2377 ipso
1059 2305 1167 2366 Publio

262 2407 346 2477 elici,
357 2406 454 2465 multa
465 2410 615 2477 cognosci,
627 2425 705 2476 quae
719 2407 777 2464 tibi
791 2406 910 2464 occulta
924 2426 990 2465 esse
1003 2425 1067 2464 non
1077 2415 1165 2479 pote·

266 2516 348 2579 runt,
365 2508 463 2565 multa
481 2506 670 2565 etiam—sed
686 2505 851 2564 absurdum
868 2514 916 2564 est
933 2507 1052 2578 singula
1069 2508 1165 2580 expli·

265 2628 345 2681 care,
358 2629 427 2666 cum
442 2628 500 2680 ego
510 2612 661 2679 requiram
671 2615 704 2665 te
715 2607 754 2665 ad
769 2612 877 2665 omnia.
903 2608 1007 2667 Unum
1017 2608 1095 2667 illud
1109 2611 1166 2668 tibi

267 2709 448 2782 persuadeas
469 2709 572 2781 velim,
594 2713 695 2767 omnia
715 2709 790 2766 mihi
815 2708 879 2766 fore
903 2709 1062 2781 explicata,
1084 2715 1110 2769 si
1132 2719 1166 2770 te

266 2811 386 2882 vider03
408 2811 462 2870 sed
483 2819 584 2870 totum
598 2812 693 2868 estin
707 2830 753 2881 eo,
769 2814 794 2868 si
807 2818 890 2881 ante,
905 2830 996 2881 quam
1014 2810 1066 2869 ille
1081 2816 1166 2871 ineat

266 2917 484 2985 magistratum.
531 2911 609 2969 Puto
625 2910 802 2983 Pompeium
817 2910 921 2969 Crasso
935 2919 1076 2984 urgente,
1091 2916 1165 2972 situ

266 3015 374 3086 aderis,
389 3019 442 3086 qui
460 3032 516 3086 per
530 3011 643 3084 βοῶπιν
658 3031 697 3070 ex
711 3016 776 3084 ipso
790 3011 972 3084 intellegere
985 3016 1092 3084 possis,
1107 3033 1166 3085 qua

267 3116 326 3175 fide
346 3118 384 3175 ab
403 3116 463 3174 illis
482 3122 599 3186 agatur,
614 3133 669 3172 nos
688 3121 742 3172 aut
763 3117 829 3172 sine
847 3114 987 3173 molestia
1005 3121 1060 3172 aut
1080 3123 1165 3175 certe

353 3231 411 3283 182
