2494 3854
455 341 625 399 MARCUS
647 340 829 399 TULLIUS
851 338 1000 397 CICERO

280 462 357 519 nihil
376 466 484 519 carius.
526 460 589 520 Sed
607 468 656 518 est
675 460 864 531 incredibile,
882 478 973 530 quam
989 478 1040 516 me
1057 461 1176 529 negotii

280 550 414 621 taedeat,
428 570 491 607 non
505 549 618 607 habeat
635 554 707 607 satis
726 569 871 620 magnum
889 568 1029 620 campum
1046 547 1100 605 ille
1117 548 1175 605 tibi

280 658 342 696 non
356 642 479 710 ignotus
493 657 597 696 cursus
610 642 704 695 animi
726 645 759 696 et
779 638 946 696 industriae
968 655 1065 706 meae,
1086 655 1176 708 prae·

262 790 265 795 ,
280 728 360 784 clara
370 747 462 798 opera
473 734 580 785 cesset.
612 726 745 799 Quippe,
757 731 802 784 ius
815 727 983 784 Laodiceae
994 746 1044 783 me
1059 725 1173 796 dicere,

279 837 348 874 cum
379 815 491 874 Romae
516 816 553 873 A.
582 815 698 874 Plotius
722 815 815 887 dicat,
841 823 883 887 et,
909 835 978 873 cum
1004 818 1172 873 exercitum

278 912 382 964 noster
406 909 519 963 amicus
544 904 657 962 habeat
682 911 813 975 tantum,
841 925 892 963 me
920 923 1033 961 nomen
1057 903 1172 961 habere

277 995 404 1052 duarum
434 994 591 1065 legionum
626 986 769 1051 exilium?
821 993 963 1065 Denique
983 991 1074 1050 ¹haec
1109 1012 1172 1049 non

277 1084 427 1154 desidero,
438 1083 548 1154 lucem,
563 1083 672 1154 forum,
684 1084 800 1154 urbem,
812 1083 947 1154 domum,
958 1082 1010 1140 vos
1021 1081 1169 1140 desidero.

277 1164 339 1232 Sed
362 1172 467 1243 feram,
489 1179 525 1230 ut
545 1179 662 1244 poter0,
684 1171 836 1230 sit’modo
857 1192 999 1229 annuum.
1045 1171 1077 1229 Si
1102 1166 1171 1241 pro-

276 1269 409 1333 rogatur,
424 1269 526 1319 actum
547 1268 601 1320 est.
647 1262 761 1319 Verum
777 1260 922 1332 perfacile
939 1264 1039 1319 resisti
1057 1267 1170 1332 potest,

275 1358 310 1409 tu
325 1351 415 1409 modo
431 1351 542 1408 Romae
558 1354 605 1407 sis,
677 1408 679 1413 ,
719 1349 723 1353 ’

318 1438 456 1511 Quaeris,
476 1439 549 1510 quid
568 1439 619 1496 hic
638 1459 735 1509 agam.
780 1438 828 1497 Ita
845 1443 953 1510 vivam,
970 1420 1006 1497 ut
1022 1442 1169 1497 maximos

276 1536 414 1600 sumptus
428 1527 514 1586 facio.
552 1527 682 1586 Mirifice
694 1527 831 1586 delector
845 1528 903 1585 hoc
917 1531 1067 1586 instituto.
1104 1526 1169 1585 Ad-

275 1617 419 1675 mirabilis
433 1618 618 1676 abstinentia
632 1637 670 1675 ex
684 1620 854 1688 praeceptis
868 1620 943 1688 tuis,
953 1624 990 1674 ut
1003 1636 1118 1687 verear,
1128 1636 1171 1674 ne

227 1706 230 1711 ’
275 1706 361 1778 illud,
372 1706 454 1777 quod
468 1712 571 1764 tecum
581 1709 762 1777 permutavi,
773 1725 894 1763 versura
904 1705 979 1763 mihi
990 1704 1170 1763 solvendum

275 1799 322 1853 sit.
367 1795 449 1866 Appi
474 1795 599 1852 vulnera
623 1814 685 1852 non
710 1793 829 1865 refrico,
858 1794 913 1852 sed
937 1802 1085 1866 apparent
1109 1813 1168 1852 nec

275 1883 372 1941 occuli
399 1890 534 1956 possunt.
580 1882 644 1941 Iter
673 1882 823 1941 Laodicea
851 1882 1000 1941 faciebam
1024 1904 1049 1941 a.
1076 1882 1106 1941 d.
1134 1901 1169 1941 111
1239 1908 1240 1919 ¹

275 1972 353 2029 Non.
369 1971 512 2040 Sextiles,
528 1971 664 2029 cumbas
681 1971 799 2030 litteras
821 1972 940 2042 dabam,
963 1976 995 2029 in
1016 1979 1114 2030 castra
1135 1977 1169 2029 in

276 2060 465 2131 Lycaoniam.
511 2060 588 2118 Inde
613 2060 653 2118 ad
677 2060 809 2118 Taurum
834 2062 1015 2133 cogitabam,
1036 2068 1073 2118 ut
1097 2081 1170 2119 cum

275 2150 461 2221 Moeragene
483 2153 576 2220 signis
598 2149 725 2220 collatiS,
747 2154 772 2207 si
793 2169 922 2222 possem,
944 2149 984 2208 de
1005 2169 1092 2208 servo
1113 2157 1170 2209 tuo

272 2239 454 2297 deciderem.

337 2333 356 2360 “
366 2347 504 2405 Clitellae
519 2348 588 2404 bovi
603 2355 675 2405 sunt
688 2351 858 2418 impositae3
872 2346 962 2419 plane
977 2367 1037 2405 non
1054 2355 1103 2406 est

591 2437 729 2488 nostrum
742 2430 847 2488 onus.''

273 2539 336 2599 Sed
350 2539 492 2610 feremus,
506 2539 607 2610 modo,
621 2542 646 2596 si
663 2558 713 2596 me
730 2558 822 2610 amas,
837 2542 894 2596 sim
907 2548 1033 2597 annuus
1077 2537 1169 2600 Adsis

274 2637 308 2687 tu
327 2628 367 2686 ad
385 2635 516 2700 tempus,
537 2634 571 2685 ut
591 2635 731 2685 senatum
749 2635 850 2685 totum
867 2632 991 2686 excites.
1037 2630 1167 2689 Mirifice
1193 2645 1197 2653 ’

273 2717 418 2775 sollicitus
436 2737 513 2787 sum,
535 2716 616 2787 quod
637 2720 698 2773 iam
719 2716 771 2774 diu
792 2717 868 2774 mihi
889 2721 994 2788 ignota
1015 2726 1088 2776 sunt
1110 2723 1168 2777 ista

241 2882 244 2887 ἱ
272 2809 380 2863 omnia.
411 2804 524 2876 Quare,
535 2812 571 2862 ut
584 2805 624 2862 ad
638 2813 670 2862 te
685 2812 757 2862 ante
772 2810 887 2878 scripsi,
902 2826 971 2864 cum
986 2815 1090 2865 cetera
1101 2815 1168 2866 tum

242 2892 244 2899 '
272 2895 461 2966 respublica
483 2914 553 2951 cura
574 2901 609 2951 ut
630 2893 705 2950 mihi
726 2901 799 2951 nota
822 2888 869 2952 sit}
915 2894 1005 2953 Plura
1026 2897 1166 2958 scribam.

272 2978 370 3041 Tarde
385 2984 442 3040 tibi
456 2982 578 3040 redditu
593 2971 651 3052 iri,¹
664 2982 718 3040 sed
733 2982 842 3040 dabam
853 2982 993 3040 familiari
1006 2983 1124 3043 homini
1133 3006 1168 3043 ac

272 3072 449 3142 domestico,
485 3071 516 3128 C.
554 3068 730 3128 Andronico
767 3070 941 3130 Puteolano.
985 3072 1032 3130 Tu
1062 3082 1167 3133 autem

506 3179 513 3208 ¹
527 3179 581 3227 The
592 3183 653 3228 text
662 3180 723 3228 here
735 3180 759 3228 r's
771 3182 920 3256 uncertain.

354 3288 414 3346 374
