2494 3854
440 304 610 365 MARCUS
631 304 814 364 TULLIUS
835 304 985 364 CICERO

263 428 389 499 quidem
409 418 516 499 labor,l
532 447 595 485 non
616 447 676 497 quo
695 461 747 496 —,
768 426 823 484 sed
843 431 946 498 inopia
965 432 1104 498 cogimur
1125 451 1165 489 eo

264 527 402 581 contenti
416 542 490 581 esse.
535 522 583 580 De
598 522 651 579 illo
661 521 767 593 altero,
778 541 870 592 quem
881 523 986 580 scribis
995 523 1052 580 tibi
1063 528 1164 583 visum

264 637 330 676 esse
344 638 407 675 non
420 617 564 688 alienum,
579 636 694 688 vereor,
708 616 820 674 adduci
836 624 872 675 ut
888 624 991 675 nostra
1007 622 1113 690 possit,
1130 627 1164 678 et

263 720 298 771 tu
311 717 356 771 ais
370 711 602 783 δωδιάγνωστον
618 730 692 770 esse.
732 711 884 782 Equidem
901 731 968 770 sum
985 712 1091 785 facilis,
1106 715 1164 772 sed

263 815 298 866 tu
312 808 421 880 aberis,
436 815 469 866 et
483 828 532 866 me
551 807 679 865 absente
696 825 744 864 res
757 805 885 864 habebit
898 811 960 864 mei
973 796 1163 867 rationemi²

264 903 344 962 Nam
353 911 457 976 posset
465 902 590 974 aliquid,
599 906 625 960 si
635 905 749 960 utervis
759 908 897 959 nostrum
906 902 1038 974 adesset,
1046 912 1163 975 agente

263 997 391 1057 Servilia
405 998 509 1058 Servio
523 997 588 1056 fieri
602 996 766 1069 probabile.
811 996 912 1067 Nunc,
923 1001 948 1055 si
958 1001 1019 1055 iam
1032 1017 1082 1056 res
1095 998 1162 1070 pla-

263 1101 341 1166 ceat,
355 1092 468 1165 agendi
481 1100 586 1151 tamen
601 1095 679 1149 viam
693 1110 756 1148 non
769 1091 867 1149 video.

305 1189 395 1247 Nunc
420 1192 510 1246 venio
536 1187 576 1245 ad
604 1207 673 1245 eam
701 1186 873 1258 epistulam,
897 1206 989 1257 quam
1013 1191 1119 1259 accepi
1144 1209 1163 1246 a

263 1283 371 1342 Tullio.
422 1283 470 1341 De
507 1282 653 1340 Marcello
688 1280 789 1339 fecisti
824 1279 996 1352 diligenter.
1051 1281 1163 1354 Igitur,

262 1387 386 1438 senatus
405 1376 577 1436 consultum
597 1380 622 1435 si
642 1381 701 1435 erit
719 1376 845 1448 factum,
862 1376 974 1434 scribes
990 1376 1030 1434 ad
1047 1397 1114 1447 me;
1137 1387 1163 1440 si

262 1477 372 1545 minus,
384 1493 449 1532 rem
463 1481 568 1532 tamen
579 1471 735 1540 conficies3
755 1470 831 1528 mihi
842 1475 924 1528 enim
934 1472 1061 1530 attribui
1072 1492 1162 1545 opor.-

262 1569 351 1640 tebit,
373 1572 449 1626 item
473 1567 589 1631 Bibulo.
634 1565 696 1625 Sed
719 1585 781 1623 non
802 1565 919 1637 dubito,
940 1570 1015 1637 quin
1036 1575 1163 1626 senatus

183 1710 188 1721 ,
262 1664 435 1723 consultum
450 1662 628 1734 expeditum
643 1665 693 1732 sit,
707 1664 739 1717 in
753 1680 814 1732 quo
828 1665 1007 1732 praesertim
1020 1666 1061 1720 sit
1077 1682 1161 1720 com·
1242 1726 1243 1747 ἦ

262 1758 409 1832 pendium
425 1757 537 1830 populi.
583 1756 631 1813 De
646 1754 800 1826 Torquato
816 1756 919 1827 probe.
964 1756 1013 1813 De
1032 1757 1161 1815 Masone
1242 1750 1243 1753 ¹

262 1862 295 1913 et
311 1853 433 1925 Ligure,
448 1871 518 1910 cum
535 1854 684 1908 venerint.
729 1849 778 1907 De
795 1849 857 1919 illo,
873 1849 955 1920 quod
971 1850 1161 1924 Chaerippus
1242 1862 1243 1897 1

261 1931 418 2015 (quoniam
442 1941 493 1999 hic
514 1959 635 2012 quoque
653 1936 828 2011 πρόσνευσιν
852 1926 1024 2010 sustulisti),
1047 1959 1066 1997 0
1090 1959 1161 2012 pro-
1240 1976 1242 1981 <

262 2032 373 2091 vincia!
404 2034 538 2089 etiamne
562 2029 613 2086 hic
638 2028 714 2085 mihi
738 2026 888 2086 curandus
913 2028 978 2085 est?
1008 2030 1161 2089 curandus

261 2130 365 2181 autem
378 2121 537 2190 hactenus,
549 2137 589 2176 ne
604 2117 677 2189 quid
692 2117 730 2175 ad
745 2122 884 2175 senatum
900 2101 1062 2175 “consule!
1071 2117 1088 2140 '’
1105 2127 1161 2178 aut
1229 2144 1234 2169 ι

262 2197 452 2270 “numera!'’
491 2207 570 2266 Nam
581 2203 859 2265 deceteris—sed
869 2212 975 2263 tamen
989 2207 1159 2281 commode,
1240 2278 1241 2285 ἵ

261 2300 343 2373 quod
358 2319 428 2357 cum
442 2296 553 2357 Scrofa.
598 2295 647 2353 De
664 2295 825 2367 Pomptino
842 2300 926 2353 recte
945 2296 1056 2353 scribis.
1103 2296 1160 2357 Est
1240 2298 1241 2365 ἶ

262 2394 344 2449 enim
358 2392 411 2459 ita,
426 2393 471 2455 ut,
485 2389 511 2444 si
524 2392 597 2445 ante
614 2384 680 2442 Kal.
698 2382 799 2441 Iunias
817 2382 959 2441 Brundisi
974 2383 1094 2442 futurus
1108 2390 1158 2456 sit,
1240 2372 1241 2381 ¹

260 2483 361 2537 minus
382 2474 533 2547 urguendi
555 2473 671 2531 fuerint
692 2472 735 2530 M.
759 2472 898 2530 Anneius
919 2479 952 2530 et
972 2471 1006 2529 L.
1029 2470 1157 2534 Tullius.
1239 2542 1240 2551 χ

262 2568 349 2642 Quae
364 2566 403 2625 de
419 2564 531 2624 Sicinio
545 2561 666 2633 audisti,
682 2580 718 2619 ea
731 2561 807 2618 mihi
821 2561 997 2633 probantur,
1011 2562 1104 2621 modo
1118 2583 1159 2621 ne

260 2659 313 2717 illa
327 2658 468 2727 exceptio
482 2658 515 2710 in
528 2651 661 2722 aliquem
675 2654 809 2708 incurrat
822 2649 902 2707 bene
917 2649 956 2707 de
970 2650 1057 2709 nobis
1068 2657 1159 2709 meri-
1237 2680 1238 2683 ¹

261 2757 336 2807 tum.
382 2742 445 2803 Sed
468 2739 736 2811 considerabimus,
761 2757 827 2797 rem
852 2742 934 2794 enirn
962 2739 1064 2810 probo.
1110 2739 1159 2799 De

294 2858 301 2887 ¹
320 2856 354 2905 de
372 2854 426 2914 illo,
446 2853 508 2901 illuc
525 2849 633 2914 quidem
651 2848 730 2899 labor
745 2849 864 2912 Kayser:
885 2864 928 2897 me
945 2849 988 2898 iiie
1004 2848 1068 2898 illud
1086 2852 1159 2915 quod

261 2922 337 2975 labat
346 2917 424 2971 Zl’Nr
436 2933 479 2968 me
491 2918 534 2966 iile
546 2914 611 2965 illud
621 2915 658 2963 M
665 2915 732 2966 with
744 2931 761 2964 a
773 2914 913 2979 marginal
920 2913 1085 2964 variantme
1095 2917 1159 2967 illud

260 2987 369 3056 quidem
385 2983 470 3035 labat.

292 3052 355 3103 ’res
366 3049 482 3102 habebis
494 3047 665 3097 mirationem
682 3046 723 3095 M.
762 3044 817 3094 The
827 3048 885 3095 text
895 3045 920 3093 is
935 3043 1059 3108 Tyrrell's
1073 3061 1161 3097 emen·

259 3120 363 3171 dalion.
399 3116 489 3179 Many
504 3112 593 3162 others
610 3112 681 3161 have
700 3111 762 3160 been
781 3110 869 3170 made,
889 3126 939 3175 ag.
962 3110 1094 3161 Palmer's
1116 3129 1160 3164 res

259 3183 392 3238 haerebit.
429 3179 556 3231 Habebis
568 3178 619 3228 mei
632 3177 773 3227 rationem.

345 3257 407 3319 346
