2494 3854
444 308 614 369 MARCUS
636 308 819 368 TULLIUS
841 299 991 369 CICERO

266 437 325 492 tati
346 436 487 492 resistere
508 431 637 490 videtur.
682 431 749 503 Ego
769 436 802 488 in
822 435 886 489 vita
905 451 974 490 mea
994 432 1080 490 nulla
1102 454 1167 492 um-

268 572 360 622 quam
379 551 536 622 voluptate
555 557 643 607 tanta
661 569 729 607 sum
747 549 896 619 adfectus,
911 558 1025 621 quanta
1044 550 1167 609 adficior

268 664 326 722 hac
340 668 529 736 integritate,
544 683 602 721 nec
618 683 669 722 me
686 671 750 721 tam
769 662 859 734 fama,
874 682 952 734 quae
972 683 1090 721 summa
1109 671 1165 736 est,

267 798 359 850 quam
379 797 428 836 res
448 782 513 849 ipsa
534 777 700 851 delectat.;
722 776 805 849 Quid
827 778 964 848 quaeris?
994 777 1055 835 fuit
1077 782 1163 836 tanti.

269 893 322 951 Me
343 897 408 964 ipse
428 912 491 949 non
509 911 615 949 noram
634 910 692 949 nec
711 895 783 949 satis
803 891 945 961 sciebam,
963 890 1037 961 quid
1056 895 1089 948 in
1108 891 1165 949 hoc

267 1026 382 1078 genere
396 1007 497 1064 facere
511 1025 639 1078 possem.
686 1006 780 1063 Recte
795 1004 970 1076 πεφύσημαι.
1016 1005 1101 1063 Nihil
1120 1014 1167 1065 est

267 1121 456 1193 praeclarius.
510 1119 639 1178 Interim
666 1119 742 1178 haec
771 1117 898 1190 λαμπραί
949 1120 1167 1179 Ariobarzanes

163 1238 169 1247 “
269 1255 361 1307 opera
371 1254 440 1293 mea
451 1239 535 1305 vivit,
547 1242 671 1306 regnat3
694 1231 723 1292 ἐν
733 1232 846 1304 παρόδῳ
857 1233 982 1291 consilio
993 1241 1026 1291 et
1036 1240 1167 1292 auctori-

267 1357 333 1407 tate
354 1357 396 1419 et,
416 1346 498 1421 quod
517 1347 741 1406 insidiatoribus
765 1351 829 1405 eius
844 1345 1005 1418 ἀπρόσιτον
1023 1367 1084 1419 me,
1104 1369 1168 1407 non

267 1459 833 1547 mododiopoddxmovpraebui,regem
842 1479 1032 1531 regnumque
1041 1467 1166 1520 servavi.
1239 1522 1240 1525 ,

269 1575 392 1633 Interea
417 1595 434 1633 e
461 1575 649 1647 Cappadocia
673 1594 714 1632 ne
739 1574 835 1645 pilum
860 1573 992 1644 quidem.
1037 1574 1169 1633 Brutum

267 1690 430 1759 abiectum,
445 1696 595 1759 quantum
607 1691 703 1759 potui,
719 1692 862 1756 excitavi3
884 1707 977 1759 quem
990 1708 1053 1745 non
1067 1693 1168 1747 minus

267 1822 336 1859 amo
357 1821 449 1872 quam
469 1809 514 1872 tu,
535 1821 633 1873 paene
655 1801 729 1872 dixi,
750 1820 841 1871 quam
861 1809 903 1858 te.
947 1800 1051 1872 Atque
1074 1807 1168 1860 etiam
1239 1864 1240 1873 χ

269 1934 358 1987 spero
377 1922 444 1971 toto
462 1934 543 1971 anno
562 1919 683 1986 imperii
702 1918 798 1972 nostri
817 1919 1005 1972 terruncium
1028 1923 1169 1987 sumptus

267 2031 300 2085 in
314 2031 467 2101 provincia
480 2027 599 2085 nullum
613 2027 685 2086 fore.

311 2142 418 2200 Habes
432 2145 541 2199 omnia.
586 2142 675 2199 Nunc
690 2141 812 2213 publice
826 2140 944 2199 litteras
960 2140 1087 2199 Romam
1097 2147 1171 2202 mit-

269 2264 336 2314 tere
353 2257 503 2328 parabam.
551 2256 712 2314 Uberiores
730 2263 830 2325 erunt,
845 2274 935 2325 quam
952 2259 978 2312 si
996 2275 1033 2313 ex
1048 2255 1173 2314 Amano

270 2373 426 2427 misissem.
471 2369 514 2427 At
534 2377 566 2427 te
589 2369 700 2426 Romae
720 2389 783 2426 non
802 2368 881 2426 fore!
925 2368 987 2427 Sed
1005 2376 1052 2426 est
1067 2377 1173 2429 totum

269 2482 302 2535 in
317 2497 363 2548 eo,
387 2477 461 2548 quid
485 2477 630 2535 Kalendis
655 2477 773 2534 Martiis
798 2476 935 2546 futurum
960 2482 1008 2535 sit.
1053 2476 1174 2538 Vereor
1239 2468 1240 2477 ἵ

269 2590 361 2657 enim,
373 2606 423 2656 ne,
434 2605 504 2642 cum
518 2585 557 2642 de
572 2589 725 2656 provincia
738 2592 857 2655 agetur,
872 2589 897 2642 si
913 2585 1020 2642 Caesar
1034 2589 1172 2658 resistet,
1239 2644 1240 2671 ᾖ

271 2713 326 2752 nos
341 2697 534 2752 retineamur.
580 2693 638 2751 His
653 2701 687 2751 tu
703 2697 728 2751 si
741 2692 873 2763 adesses,
888 2692 965 2750 nihil
980 2697 1133 2752 timerem.

313 2801 416 2860 Redeo
435 2801 474 2859 ad
493 2802 617 2872 urbana,
637 2820 715 2873 quae
736 2820 794 2872 ego
813 2800 867 2859 diu
886 2805 1028 2873 ignorans
1049 2822 1088 2860 ex
1107 2808 1172 2862 tuis
1239 2820 1240 2859 .

269 2910 490 2970 iucundissimis
508 2910 620 2968 litteris
639 2930 665 2966 a.
687 2909 716 2967 d.
733 2929 751 2967 v
770 2908 836 2966 Kal.
860 2909 1012 2967 Ianuarias
1033 2910 1171 2983 denique

268 3023 404 3091 cognovi.
436 3018 736 3089 Easdiligentissime
747 3017 940 3090 Philogenes
948 3017 1077 3077 libertus
1087 3028 1172 3092 tuus,

268 3133 383 3186 curavit
403 3128 550 3199 perlonga
572 3135 604 3185 et
625 3147 687 3184 non
708 3131 780 3184 satis
802 3134 870 3184 tuta
891 3131 939 3184 via
959 3126 1170 3198 perferendas

353 3255 413 3317 394
