2484 3854
440 304 609 364 MARCUS
630 302 812 363 TULLIUS
834 302 984 362 CICERO

684 677 743 735 Vll

379 848 382 854 Ι
553 790 658 830 11111110
680 790 786 830 Απιεο
808 769 866 829 sin

54 863 113 920 Ser.
131 864 200 921 Anti
214 885 247 921 m.
306 867 354 928 De
371 868 557 941 geographia
574 872 667 926 etiam
686 877 779 941 atque
801 872 895 927 etiam
915 868 1160 929 deliberabimus.

56 947 125 1017 ᾹΡΤ·
146 969 171 1005 a·
189 947 251 1004 695
264 964 426 1024 Orationes
448 972 551 1023 autem
574 985 592 1022 a
614 984 664 1023 me
684 965 759 1022 duas
776 964 926 1036 postulas3
940 984 1067 1035 quarum
1083 965 1163 1024 alte·

263 1082 327 1119 ram
355 1081 418 1119 nou
441 1061 557 1119 libebat
581 1060 657 1118 mihi
684 1061 826 1131 scribere,
854 1064 924 1132 quia
951 1053 1162 1133 abscideram,¹

263 1159 400 1229 alteram,
411 1177 451 1215 ne
465 1157 620 1215 laudarem
635 1177 716 1228 eum,
727 1176 819 1228 quem
833 1176 895 1214 non
909 1157 1054 1214 amabam.
1099 1158 1162 1217 Sed

264 1255 295 1313 id
310 1274 430 1325 quoque
449 1253 625 1311 videbimus.
671 1252 813 1324 Denique
832 1252 946 1324 aliquid
964 1254 1106 1325 exstabit,
1121 1274 1163 1312 ne

263 1352 319 1409 tibi
334 1350 424 1421 plane
439 1368 569 1407 cessasse
584 1349 747 1406 videamur.

306 1445 354 1503 De
374 1445 480 1503 Publio
498 1464 575 1516 quae
594 1445 633 1502 ad
650 1465 700 1502 me
721 1446 824 1502 scribis
845 1464 916 1503 sane
936 1445 1011 1501 mihi
1029 1447 1163 1504 iucunda

263 1550 345 1612 sunt,
363 1560 459 1612 eaque
480 1545 572 1598 etiam
592 1541 684 1598 velim
700 1541 842 1618 pmnibus
862 1544 997 1610 vestigiis
1017 1541 1163 1612 indagata

263 1637 302 1695 ad
316 1657 366 1693 me
381 1635 509 1708 adferas,
524 1657 593 1694 cum
607 1640 721 1707 venies,
737 1643 770 1693 et
784 1640 901 1693 interea
915 1637 1036 1706 scribas,
1047 1640 1072 1694 si
1087 1639 1162 1709 quid

263 1733 426 1803 intelleges
446 1741 499 1791 aut
519 1733 720 1804 suspicabere,
741 1740 773 1790 et
793 1736 923 1789 maxime
945 1732 984 1789 de
1006 1732 1162 1803 legatione

263 1829 337 1900 quid
354 1832 394 1886 sit
412 1837 540 1886 acturus
587 1828 748 1899 Equidem,
763 1836 927 1898 antequam
945 1836 1012 1886 tuas
1029 1828 1092 1898 legi
1110 1830 1162 1888 lit·
1230 1892 1237 1901 ,

263 1933 354 1996 teras,
376 1914 553 1982 hominem²
576 1930 619 1981 ire
645 1925 814 1995 cupiebam,
839 1944 902 1980 non
926 1923 1101 1982 mehercule
1127 1936 1164 1985 ut

264 2020 416 2079 differrem
431 2040 500 2077 cum
514 2039 551 2077 eo
565 2020 770 2077 vadimonium
787 2006 872 2087 (nam
886 2023 962 2076 mira
976 2039 1041 2077 sum
1056 2020 1163 2078 alacri-

263 2125 328 2176 tate
343 2117 382 2175 ad
397 2105 604 2187 litigandum),
615 2116 669 2173 sed
684 2116 843 2173 videbatur
856 2115 941 2186 mihi,
953 2121 978 2173 si
992 2115 1065 2186 quid
1081 2126 1164 2176 esset

264 2218 295 2270 in
311 2233 348 2271 eo
362 2212 517 2284 populare,
529 2211 610 2284 quod
624 2211 762 2283 plebeius
777 2211 874 2268 factus
889 2220 980 2283 esset,
991 2212 1023 2270 id
1037 2217 1163 2270 amissu-

265 2329 321 2366 rus
360 2294 470 2378 “Quid
485 2308 584 2364 enim?
607 2308 645 2364 ad
657 2307 778 2379 plebem
793 2310 938 2377 transisti,
949 2315 984 2364 ut
999 2306 1165 2377 Tigranem

263 2394 322 2461 ires
337 2403 519 2460 salutatum?
557 2403 652 2460 Narra
666 2402 751 2473 mihi,
766 2421 853 2472 reges
869 2401 1005 2460 Armenii
1020 2408 1164 2473 patricios

263 2498 428 2556 resalutare
443 2519 505 2556 non
520 2498 663 2556 solent?’'
702 2497 785 2569 Quid
799 2499 936 2569 quaeris?
958 2512 1098 2556 acueram
1112 2521 1163 2558 me

263 2593 302 2652 ad
317 2595 531 2664 exagitandam
545 2595 624 2651 hanc
638 2599 703 2652 eius
717 2594 910 2665 legationem.
955 2592 1055 2664 Quam
1070 2600 1095 2652 si
1110 2596 1164 2655 ille
1222 2668 1223 2675 ἵ

264 2695 444 2765 contemnit,
464 2699 497 2748 et
518 2694 553 2761 si,
575 2698 610 2748 ut
632 2690 746 2761 scribis,
768 2690 861 2747 bilem
882 2689 914 2746 id
936 2699 1108 2748 commovet
1131 2702 1165 2751 et

263 2787 408 2845 latoribus
434 2795 466 2845 et
492 2787 662 2858 auspicibus
686 2786 763 2856 legis
787 2790 930 2856 curiatae,
954 2787 1164 2857 spectaculum

265 2884 430 2952 egregium.
477 2881 623 2952 Hercule,
646 2901 751 2938 verum
777 2889 812 2938 ut
839 2880 1005 2951 loquamur,
1032 2883 1164 2941 subcon-

264 2976 424 3036 tumeliose
439 2985 587 3035 tractatur
601 2984 705 3034 noster
721 2976 853 3046 Publius,
868 2981 998 3047 primum
1013 2981 1075 3047 qui,
1091 2998 1164 3038 cum

345 3085 351 3113 ¹
370 3087 433 3149 quia
445 3086 617 3135 abscideram
630 3090 697 3133 most
707 3086 819 3134 editors:
831 3086 875 3148 qui
888 3084 1024 3133 absciram
1037 3085 1077 3133 M.

392 3151 402 3181 ²
419 3152 552 3201 hominem
565 3150 724 3210 Lambinus,
740 3152 764 3198 in
778 3152 912 3199 hominem
925 3151 1031 3210 M,R,I.

351 3260 408 3312 128
