2498 3850
420 333 590 393 MARCUS
612 332 794 392 TULLIUS
816 332 966 392 CICERO

246 460 271 513 si
285 438 340 527 per
354 454 510 526 populum,
521 459 674 526 poteritne
686 458 744 511 nisi
756 454 795 511 de
807 458 942 511 omnium
951 455 1143 513 tribunorum

246 576 285 648 pl.
303 576 473 633 sententia?
516 574 599 646 Quid
619 576 658 632 de
680 539 878 645 bonis?‘quid
899 575 939 632 de
961 575 1067 634 domo?
1089 597 1142 648 po-

246 701 360 754 teritne
386 697 522 753 restitui?
556 704 619 766 aut,
645 700 669 752 si
694 715 757 753 non
781 700 905 767 poterit,
931 705 1055 767 egomet
1083 717 1143 768 quo

246 816 337 874 modo
359 817 482 888 potero?
526 817 613 874 Haec
637 820 695 873 nisi
719 816 804 873 vides
828 816 974 888 expediri,
997 837 1088 887 quam
1110 821 1143 875 in

247 958 333 1009 spem
347 957 396 995 me
411 938 515 994 vocas?
538 942 584 994 sin
605 945 709 995 autem
731 941 796 1008 spei
817 937 894 994 nihil
916 945 974 1008 est,
996 957 1073 1009 quae
1096 946 1143 996 est

229 1141 231 1143 ‚
247 1059 322 1117 mihi
339 1060 418 1116 vita?
456 1059 563 1129 Itaque
582 1066 726 1130 exspecto
740 1058 971 1116 Thessalonicae
989 1067 1057 1116 acta
1076 1059 1141 1116 Kal.

248 1181 330 1239 Sext.
335 1225 344 1251 ,
359 1200 397 1237 ex
412 1181 520 1250 quibus
535 1187 677 1249 statuam,
688 1184 720 1236 in
734 1187 844 1236 tuosne
859 1200 946 1251 agros
961 1179 1145 1251 confugiam,

248 1310 283 1359 ut
306 1320 407 1371 neque
430 1299 549 1357 videam
577 1300 727 1370 homineS,
752 1320 826 1370 quos
852 1300 956 1371 nolim,
983 1308 1015 1358 et
1039 1308 1083 1371 te,
1109 1308 1146 1358 ut

249 1422 362 1490 scribiS,
386 1421 505 1477 videam
531 1428 564 1478 et
588 1424 710 1491 propius
732 1425 798 1490 sim,
822 1425 847 1477 si
872 1420 946 1491 quid
970 1429 1088 1492 agatur,
1114 1421 1147 1478 id

249 1542 331 1613 quod
350 1540 489 1598 intellexi
510 1561 579 1598 cum
598 1542 655 1599 tibi
675 1548 742 1598 tum
766 1539 883 1611 Quinto
906 1541 992 1599 fratri
1015 1542 1147 1613 placere,

211 1627 217 1638 -
249 1682 288 1719 an
302 1661 572 1732 abeam'Cyzicum.

292 1774 392 1865 Nunc,¹
408 1794 565 1866 Pomponi,
579 1798 722 1865 quoniam
732 1794 809 1851 nihil
819 1798 982 1866 impertisti
993 1802 1064 1852 tuae
1075 1815 1148 1866 pru-

251 1916 374 1973 dentiae
389 1915 428 1972 ad
443 1914 572 1973 salutem
586 1935 696 1985 meam,
711 1915 792 1986 quod
807 1923 860 1972 aut
877 1919 909 1972 in
927 1935 977 1973 me
995 1919 1059 1996 ipso
1073 1920 1149 1974 satis

252 2056 317 2095 esse
335 2035 451 2094 consilii
469 2035 607 2093 decreras
625 2044 678 2093 aut
697 2043 730 2093 te
750 2034 826 2093 nihil
846 2035 913 2107 plus
931 2036 1006 2092 mihi
1023 2035 1149 2107 debere,

251 2176 342 2228 quam
366 2165 402 2214 ut
427 2164 547 2229 praesto
573 2176 664 2227 esses,
689 2161 891 2227 quoniamque
917 2176 975 2228 ego
1000 2155 1150 2229 proditus,

251 2278 404 2348 inductus,
419 2281 573 2362 coniectus
591 2281 623 2333 in
640 2275 779 2334 fraudem
796 2281 897 2333 omnia
913 2297 983 2334 mea
1000 2277 1149 2348 praesidia

252 2390 385 2462 neglexi,
402 2398 500 2448 totam
521 2390 640 2448 Italiam
659 2395 735 2447 mire
756 2398 889 2447 erectam
908 2391 948 2448 ad
968 2411 1017 2448 me
1039 2389 1149 2449 defen·

252 2503 388 2562 dendum
413 2504 539 2560 destitui
561 2511 594 2560 et
614 2503 733 2574 reliqui,
754 2523 815 2574 me,
836 2523 930 2574 meos,
949 2523 1016 2562 mea
1035 2503 1150 2562 tradidi

252 2621 381 2674 inimicis
402 2621 593 2688 inspectante
616 2625 648 2674 et
667 2624 790 2674 tacente
810 2624 853 2688 te,
873 2621 935 2687 qui,
955 2621 1061 2674 sinon
1081 2617 1150 2689 plus

253 2735 376 2802 ingenio
398 2730 518 2788 valebas
540 2750 630 2801 quam
652 2750 720 2801 ego,
738 2738 821 2788 certe
843 2732 972 2788 timebas
993 2735 1105 2802 minus,
1125 2735 1150 2789 si

252 2852 350 2916 poteS,
366 2849 448 2916 erige
463 2843 598 2901 adflictos
610 2852 642 2901 et
653 2847 685 2900 in
697 2863 733 2901 eo
744 2863 799 2901 nos
810 2848 893 2913 iuva3
908 2849 955 2901 sin
966 2848 1067 2901 omnia
1078 2854 1151 2905 sunt

253 2959 417 3028 obstructa,
434 2957 467 3014 id
483 2962 582 3029 ipsum
600 2957 647 3014 fac
665 2965 700 3014 ut
720 2961 847 3014 sciamus
865 2966 898 3015 et
916 2978 970 3015 nos
987 2958 1152 3028 aliquando

253 3080 307 3131 aut
321 3074 479 3143 obiurgare
494 3078 548 3129 aut
558 3045 760 3129 communiter
770 3071 916 3129 consolari
931 3072 1045 3130 desine.
1084 3072 1152 3145 Ego

253 3190 278 3243 si
297 3193 382 3243 tuam
404 3184 495 3242 fidem
517 3204 699 3254 accusarem,
719 3204 781 3241 non
803 3203 853 3242 me
877 3189 1068 3256 potissimum
1091 3191 1153 3244 tuis

337 3287 397 3338 280
