2526 3850
426 284 597 345 MARCUS
618 283 802 345 TULLIUS
824 283 975 345 CICERO
1002 329 1007 336 .

252 440 322 478 cum
347 417 487 477 consules
509 438 547 476 ex
569 425 693 477 senatus
718 417 858 476 consulto
879 423 1031 490 porticum
1052 419 1154 478 Catuli

251 527 642 587 restituendamlocassent.
661 526 727 584 Kal.
745 526 869 586 Octobr.
886 527 1018 586 habetur
1028 535 1154 587 senatus

251 636 404 708 frequens.
441 635 638 693 Adhibentur
660 654 766 693 omnes
791 634 960 707 pontifices,
986 641 1039 708 qui
1063 645 1154 695 erant
1254 700 1259 715 .

206 754 216 775 ’
252 753 415 803 senatores.
447 743 476 800 A
490 743 600 814 quibus
621 743 827 815 Marcellinus,
842 748 895 816 qui
910 752 976 802 erat
995 744 1152 816 cupidissi-

253 872 320 911 mus
339 856 410 922 mei,
426 856 612 910 sententiam
632 856 747 923 primus
761 859 884 923 rogatus
904 856 1062 924 quaesivit,
1077 853 1152 925 quid

253 965 410 1020 essentia
431 960 627 1019 decernendo
648 964 754 1043 ¹secuti.
792 960 871 1018 Tum
892 962 934 1018 M.
952 960 1097 1019 Lucullus
1111 962 1151 1020 de

252 1074 388 1128 omnium
415 1068 600 1140 collegarum
629 1073 783 1127 sententia
811 1069 970 1141 respondit
997 1070 1152 1141 religionis

252 1178 369 1236 iudices
390 1176 549 1250 pontifices
571 1176 674 1247 fuisse,
696 1177 773 1248 legis
795 1197 861 1235 esse
884 1185 1040 1247 senatum
1065 1198 1098 1236 se
1120 1186 1154 1236 et

253 1286 384 1357 collegas
399 1304 467 1343 suos
482 1285 521 1343 de
532 1285 679 1356 religione
695 1290 846 1357 statuisse,
858 1290 890 1343 in
904 1294 1012 1344 senatu
1028 1286 1067 1344 de
1081 1285 1152 1358 lege

253 1401 420 1452 statuturos
443 1413 513 1451 cum
532 1400 648 1451 senatu.
688 1393 796 1465 Itaque
817 1414 871 1452 suo
892 1398 1019 1466 quisque
1044 1395 1153 1453 horum

253 1502 320 1560 loco
348 1505 534 1560 sententiam
562 1509 685 1573 rogatus
714 1503 811 1560 multa
836 1502 1004 1561 secundum
1033 1523 1154 1562 causam

253 1617 387 1669 nostram
409 1610 583 1681 disputavit.
624 1610 700 1668 Cum
720 1611 760 1669 ad
783 1610 923 1669 Clodium
945 1619 1071 1669 ventum
1095 1619 1152 1682 est,

255 1722 351 1791 cupiit
364 1719 448 1777 diem
462 1738 650 1789 consumere,
664 1739 766 1791 neque
781 1722 811 1777 ei
825 1719 892 1778 finis
907 1726 955 1777 est
974 1720 1081 1791 factus,
1096 1720 1152 1778 sed

254 1834 368 1898 tamen,
384 1847 453 1885 cum
474 1827 562 1884 horas
576 1834 639 1885 tres
658 1826 723 1886 fere
739 1827 875 1898 dixisset,
890 1828 960 1885 odio
974 1835 1008 1886 et
1022 1833 1151 1900 strepitu

254 1942 378 1994 senatus
393 1942 513 1992 coactus
530 1942 577 1993 est
591 1935 754 2006 aliquando
772 1955 921 2008 perorare.
966 1935 1042 1994 Cum
1063 1935 1152 1994 fieret
1242 1972 1250 1990 .

255 2044 378 2095 senatus
392 2037 565 2094 consultum
579 2041 611 2093 in
626 2040 812 2094 sententiam
828 2037 998 2095 Marcellini
1012 2038 1152 2097 omnibus

254 2145 376 2209 praeter
398 2158 494 2196 unum
517 2137 771 2209 adsentientibus,
795 2137 941 2196 Serranus
968 2143 1150 2196 intercessit.

256 2238 304 2297 De
318 2243 535 2297 intercessione
550 2243 653 2297 statim
664 2240 753 2296 ambo
764 2239 903 2297 consules
917 2239 1030 2297 referre
1042 2258 1152 2311 coepe·
1211 2258 1214 2261 ’

254 2348 334 2399 runt.
359 2340 435 2398 Cum
445 2344 617 2398 sententiae
631 2344 824 2411 gravissimae
836 2340 1020 2411 dicerentur,
1031 2346 1153 2399 senatui

254 2441 375 2515 placere
389 2441 465 2498 mihi
484 2441 608 2499 domum
621 2446 751 2513 restitui,
765 2446 917 2514 porticum
931 2442 1029 2503 Catuli
1047 2441 1152 2514 locari,

253 2547 467 2602 auctoritatem
489 2543 603 2601 ordinis
626 2545 666 2601 ab
688 2544 828 2601 omnibus
849 2544 1074 2614 magistratibus
1097 2544 1152 2603 de·

254 2644 350 2716 feudi,
364 2649 481 2716 siquae
496 2648 539 2703 vis
554 2652 635 2703 esset
649 2644 739 2715 facta,
754 2652 894 2703 senatum
908 2648 1153 2707 existimaturum

253 2751 318 2805 eius
336 2766 429 2818 opera
449 2745 564 2803 factum
583 2765 660 2817 esse,
679 2750 731 2817 qui
754 2753 876 2803 senatus
898 2746 1036 2804 consulto
1055 2750 1151 2805 inter·

254 2853 402 2919 cessisset,
417 2846 562 2907 Serranus
576 2851 745 2919 pertimuit,
760 2855 792 2906 et
812 2848 987 2906 Cornicinus
1006 2847 1046 2906 ad
1065 2868 1152 2907 suam

252 2956 390 3008 veterem
410 2949 544 3006 fabulam
566 2948 672 3018 rediit;
697 2951 815 3006 abiecta
836 2955 908 3020 toga
929 2969 962 3007 se
983 2949 1022 3008 ad
1042 2955 1152 3020 generi

251 3052 347 3125 pedes
360 3052 480 3110 abiecit.
505 3050 562 3109 Ille
577 3058 701 3109 noctem
715 3051 772 3108 sibi
786 3051 958 3123 postulavit.
993 3051 1064 3108 Non
1078 3071 1152 3110 con·

251 3154 413 3224 cedebant,
438 3155 710 3212 reminiscebantur
733 3157 815 3212 enim
840 3153 906 3211 Kal.
930 3153 1046 3212 Ianuar.
1091 3155 1151 3213 Vix

334 3254 393 3315 26⁸
