2498 3850
442 268 612 379 nilacus
633 316 817 378 ruimus
838 313 988 377 oceno

673 712 764 771 XVII

17 873 21 880 .
569 846 674 884 cicuao
689 846 795 884 arrico
809 846 866 884 sii.

58 921 117 1015 Scr3
138 918 257 977 Tkma·
313 930 362 987 De
372 924 489 1001 Quinto
497 924 591 986 fratre
600 933 702 986 nuntii
713 930 799 986 nobis
810 932 913 986 tristes
924 948 982 985 nec
992 932 1066 984 varii
1077 947 1171 985 vene·

10 1030 12 1039 ‘
61 1007 166 1063 l‘mw‘w
271 1040 341 1090 rant
355 1052 393 1089 ex
407 1038 480 1088 ante
500 1030 582 1088 diem
602 1049 635 1086 111
655 1031 733 1088 Non.
752 1030 817 1088 Iun.
835 1050 930 1101 usque
948 1029 987 1086 ad
1004 1029 1079 1101 prid.
1102 1028 1170 1087 Kal.

55 1110 101 1231 'gs'
115 1086 261 1230 ἷίπωό
273 1133 356 1205 Sept
402 1132 447 1189 Eo
469 1140 574 1190 autem
593 1131 644 1189 die
663 1130 828 1201 LivineiuS,
848 1130 881 1188 L
905 1130 1015 1202 Reguli
1033 1130 1173 1201 libertus,

80 1194 133 1245 φ’
172 1217 179 1230 ’
273 1235 312 1293 ad
326 1254 376 1292 me
390 1255 409 1290 a
424 1233 541 1305 Regulo
551 1237 659 1291 missus
669 1237 762 1291 veuit.
808 1232 838 1290 Is
849 1237 973 1290 omnino
982 1237 1173 1290 mentionem

273 1335 389 1393 nullam
402 1333 515 1392 factam
526 1353 592 1392 esse
603 1338 766 1404 nuntiavit,
776 1334 831 1391 sed
842 1333 934 1391 fuisse
945 1341 1049 1391 tamen
1060 1353 1175 1390 sermo-

274 1457 346 1494 nem
360 1436 400 1494 de
418 1436 449 1493 C.
467 1435 553 1494 Clodi
571 1435 642 1506 filio,
656 1439 742 1507 isque
759 1435 834 1493 mihi
851 1456 869 1492 a
886 1433 924 1507 Q.
941 1434 1035 1493 fratre
1054 1434 1175 1493 litteras

274 1538 387 1596 attulit.
415 1537 477 1595 Sed
494 1537 640 1608 postridie
659 1537 740 1619 Sesti
757 1541 844 1608 pueri
861 1545 1021 1608 venerunt,
1036 1540 1088 1608 qui
1105 1556 1123 1592 a
1141 1545 1176 1594 te

275 1639 393 1697 litteras
407 1638 579 1696 attulerunt
592 1658 655 1695 non
669 1646 733 1696 tam
744 1638 914 1710 exploratas
924 1658 942 1694 a
952 1642 1072 1709 timore,
1083 1657 1178 1708 quam

276 1760 375 1799 sermo
401 1740 519 1797 Livinei
544 1739 652 1797 fuerat.
697 1740 776 1799 Sane
806 1760 873 1798 sum
897 1744 929 1797 in
957 1758 1027 1797 meo
1055 1738 1177 1797 infinito

276 1860 412 1899 maerore
424 1840 569 1898 sollicitus
581 1848 614 1899 et
623 1861 660 1898 eo
668 1845 774 1913 magis,
783 1840 865 1912 quod
876 1841 958 1912 Appi
968 1843 1105 1912 quaestio
1117 1848 1175 1897 est.

320 1943 439 2013 Cetera,
453 1962 530 2013 quae
545 1942 585 2000 ad
598 1962 648 1999 me
660 1943 776 2001 eisdem
785 1942 897 2000 litteris
908 1941 1012 1999 scribis
1023 1941 1062 1998 de
1072 1949 1180 1999 nostra

278 2064 343 2117 spe,
358 2043 506 2115 intellego
524 2062 590 2101 esse
607 2043 806 2115 languidiora,
821 2063 912 2114 quam
929 2042 980 2099 alii
997 2041 1175 2100 ostendunt.

280 2146 347 2217 Ego
360 2152 475 2216 autem,
489 2149 632 2216 quoniam
646 2164 708 2201 non
722 2144 814 2216 longe
828 2145 867 2201 ab
882 2164 918 2201 eo
933 2152 1070 2215 tempore
1088 2143 1179 2201 absu-

279 2268 357 2318 muS,
371 2251 404 2304 in
418 2266 478 2318 quo
492 2266 541 2304 res
556 2246 780 2329 diiudicabitur,
790 2254 844 2304 aut
857 2245 896 2303 ad
911 2253 943 2303 te
959 2244 1113 2303 conferam
1127 2265 1180 2303 me

280 2356 335 2407 aut
349 2351 442 2405 etiam
456 2367 537 2405 nunc
552 2351 666 2404 circum
679 2345 755 2405 haec
769 2347 835 2404 loca
849 2347 1061 2404 commorabor.

323 2449 435 2509 Scribit
449 2449 488 2506 ad
502 2468 552 2507 me
567 2447 662 2507 frater
675 2452 776 2506 omnia
790 2469 844 2507 sua
857 2468 913 2520 per
926 2456 959 2506 te
976 2467 1072 2505 unum
1089 2452 1182 2506 susti-

281 2555 356 2608 neri.
394 2549 477 2622 Quid
505 2558 538 2608 te
567 2559 620 2609 aut
648 2550 762 2621 horter,
787 2550 869 2621 quod
897 2549 981 2621 facis,
1008 2557 1062 2607 aut
1091 2570 1185 2621 agam

281 2655 405 2724 gratias,
419 2650 501 2723 quod
514 2671 576 2708 non
591 2652 767 2724 exspectas?
805 2650 938 2710 Tantum
952 2650 1044 2709 velim
1058 2650 1187 2709 fortuna

283 2752 338 2811 det
352 2752 439 2810 nobis
452 2760 648 2825 potestatem,
659 2761 695 2810 ut
705 2753 871 2810 incolumes
881 2772 983 2810 amore
993 2760 1098 2810 nostro
1112 2772 1186 2823 per-

283 2854 424 2912 fruamur.
463 2853 542 2912 Tuas
556 2854 674 2912 litteras
688 2874 809 2926 semper
821 2859 952 2912 maxime
966 2858 1131 2926 exspecto}
1151 2859 1187 2913 in

284 2954 393 3027 quibus
404 2975 476 3012 cave
488 2975 610 3013 vereare
620 2975 660 3013 ne
672 2964 725 3014 aut
734 2956 893 3027 diligentia
904 2964 957 3014 tua
967 2954 1042 3013 mihi
1053 2956 1188 3015 molesta

284 3064 338 3115 aut
352 3060 463 3114 veritas
476 3057 585 3114 acerba
598 3061 646 3114 sit

327 3158 408 3215 Data
422 3178 465 3229 pr.
483 3158 586 3215 Nonas
601 3158 684 3229 Sept.

369 3284 430 3337 234
