2494 3854
447 306 616 365 MARCUS
637 305 820 364 TULLIUS
842 304 992 364 CICERO
1159 388 1164 397 1

271 444 306 493 ut
316 435 477 508 polliceris,
486 435 653 494 exhauries.
690 436 836 506 Narrabo,
845 456 915 493 cum
924 435 1038 507 aliquid
1049 420 1172 492 habebo

271 537 350 589 novi.
395 532 476 590 lllud
490 540 595 591 tamen
610 553 671 590 non
692 532 839 603 desinam,
854 532 928 590 dum
944 531 1050 589 adesse
1065 538 1098 589 te
1114 552 1169 603 pu-

271 629 353 699 tabo,
368 627 407 686 de
422 629 556 687 Caesaris
571 632 694 687 nomine
708 648 815 700 rogare
834 636 869 686 ut
885 627 1059 686 confectum
1076 628 1169 685 relin-

271 744 353 796 quas
398 724 497 782 Avide
519 733 664 797 exspecto
684 733 753 783 tuas
772 724 890 782 litteras
912 732 947 783 et
970 728 1112 796 maxime,
1135 732 1170 783 ut

272 824 371 879 norim
384 828 506 893 tempus
519 820 716 892 profectionis
729 828 809 879 tuae.

564 1236 669 1275 cremo
690 1236 797 1275 A’I'rlco
817 1237 876 1275 ssi„

62 1307 121 1365 Scr.
145 1307 260 1365 Tarenti
316 1314 434 1372 Cotidie
449 1314 497 1372 vel
512 1318 613 1385 potius
624 1319 657 1371 in
667 1314 732 1372 dies
744 1314 878 1384 singulos
889 1315 1041 1373 breviores
1052 1314 1172 1373 litteras

63 1391 145 1448 XIII
159 1391 197 1447 K·
273 1410 313 1468 ad
332 1417 365 1468 te
384 1415 490 1479 mitt03
506 1410 619 1468 cotidie
634 1415 720 1468 enim
732 1415 829 1482 magis
846 1415 981 1482 suspicor
997 1418 1030 1469 te
1047 1414 1080 1468 in
1097 1409 1177 1493 Epl'.
1241 1478 1242 1499 χ

274 1525 342 1563 rum
355 1509 416 1562 iam
429 1505 609 1577 profectum.
648 1506 710 1565 Sed
724 1514 839 1578 tamen,
854 1513 889 1564 ut
903 1506 1081 1564 mandatum
1094 1510 1172 1564 scias
1241 1578 1242 1581 Ἰ

63 1475 124 1532 Iun.
142 1495 168 1531 a,
187 1475 247 1532 703

275 1622 324 1660 me
347 1621 477 1672 curasse,
500 1621 560 1672 quo
585 1602 625 1660 de
648 1610 731 1673 ante,
754 1607 798 1660 ait
819 1623 852 1660 se
877 1602 1038 1674 Pompeius
1062 1605 1173 1672 quinos

274 1697 445 1770 praefectos
473 1697 646 1755 delaturum
674 1718 767 1765 novos
798 1703 962 1756 vacationis
997 1697 1173 1756 iudiciariae

276 1813 371 1852 causa.
417 1793 483 1864 Ego
508 1814 577 1850 cum
602 1794 737 1851 triduum
762 1815 832 1851 cum
861 1794 1004 1866 Pompeio
1029 1799 1062 1852 et
1088 1793 1174 1865 apud
1241 1802 1242 1867 ζ

278 1890 455 1962 Pompeium
466 1889 599 1959 fuissem,
609 1889 820 1960 proficiscebar
831 1890 1025 1948 Brundisium
1036 1910 1060 1946 a
1073 1888 1103 1946 d.
1117 1909 1175 1949 xnr
1241 1878 1242 1905 ¹

278 1986 343 2043 Kal.
365 1984 473 2043 lunias.
519 1986 623 2044 Civem
638 1986 723 2043 illum
739 1991 898 2057 egregium
912 1985 1123 2056 relinquebam
1141 1995 1176 2045 et

275 2081 415 2152 adhaec,
436 2086 695 2153 quae'timentur,
716 2083 920 2154 propulsanda
939 2085 1174 2153 paratissimum.

276 2177 355 2235 Tuas
369 2176 487 2234 litteras
502 2179 695 2249 exspectabo,
710 2198 780 2235 cum
797 2186 841 2250 ut,
856 2177 930 2249 quid
947 2197 1027 2248 agas,
1041 2184 1111 2234 tum
1129 2187 1176 2249 ut,

275 2275 328 2331 ubi
342 2277 391 2343 sis,
406 2277 506 2330 sciam.

688 2477 764 2535 Vlll

568 2593 673 2631 c1cuuo
694 2593 800 2631 mico
821 2593 879 2631 ssu.

65 2667 124 2725 Ser.
130 2667 264 2725 Brundisi
320 2670 374 2727 Me
388 2677 421 2727 et
435 2669 626 2727 incommoda
639 2669 792 2741 valetudo,
804 2688 822 2727 e
836 2689 896 2740 qua
909 2673 969 2727 iam
979 2688 1174 2742 emerseram,

66 2751 115 2811 W
127 2759 175 2809 aul
190 2750 245 2808 ῙῘῙ
278 2773 386 2837 utpote
406 2785 475 2823 cum
494 2769 560 2823 sine
579 2764 658 2822 febri
676 2764 868 2834 laborassem,
890 2771 924 2822 et
946 2763 1101 2835 Pomptini
1121 2785 1175 2824 ex-

66 2834 220 2978 f‘lgffl
278 2865 436 2934 spectatio,
451 2861 491 2919 de
507 2881 568 2932 quo
587 2860 686 2919 adhuc
707 2880 748 2918 ne
769 2879 871 2917 rumor
891 2858 1015 2930 quidem
1037 2869 1175 2933 venerat,

278 3054 535 3126 exspectabamus.
580 3051 637 3123 Tu,
659 3056 684 3109 si
705 3052 796 3110 modo
817 3071 849 3109 es
872 3051 983 3108 Romae
1006 3037 1072 3120 (vix
1093 3057 1177 3111 enim

278 3137 377 3222 puto),
399 3153 445 3207 sin
467 3168 509 3219 es,
531 3147 589 3206 hoc
610 3147 809 3207 vehementer
829 3145 1052 3205 animadvertas
1073 3148 1174 3207 velim.

363 3264 422 3316 352

278 2958 406 3033 tenebat
419 2957 633 3015 duodecimum
648 2961 708 3013 iam
722 2955 804 3014 diem
816 2955 972 3023 Brundisi;
986 2955 1042 3013 sed
1054 2977 1176 3015 cursum
1235 2988 1236 3005 r

1239 2010 1241 2105 l
