2480 3862
451 283 620 342 MARCUS
641 282 823 343 TULLIUS
845 280 1008 343 CICERO,

276 425 362 464 mans
376 424 496 463 mecum
511 412 559 462 est
573 410 705 475 questus.
750 402 834 475 Quid
854 405 991 474 quaeris?
1013 409 1128 463 miram
1147 409 1178 465 in

277 526 314 564 eo
336 511 494 578 pietatem,
515 509 696 562 suavitatem
716 504 1000 576 humanitatemque
1021 510 1177 578 perspexi.

277 607 347 679 Quo
361 611 505 664 maiorem
520 626 605 677 spem
620 606 718 662 habeo
733 604 809 662 nihil
821 605 886 663 sore
896 605 995 677 aliter,
1004 626 1041 663 ac
1056 607 1177 665 deceat

279 709 315 767 Id
330 718 363 767 te
378 713 472 779 igitur
486 712 561 765 scire
577 707 665 764 volui.

189 792 192 798 ¹
319 812 368 869 Ne
382 810 459 870 illud
473 809 598 880 quidem
611 812 863 880 praetermittam.
896 810 1086 868 Hortensius
1102 811 1181 869 filius

277 918 338 977 fuit
361 912 529 970 Laodiceae
553 910 772 983 gladiatoribus
794 910 942 981 flagitiose
970 918 1004 968 et
1033 918 1180 984 turpiter.

279 1016 373 1072 Hunc
385 1032 443 1084 ego
454 1017 547 1084 patris
559 1032 648 1069 causa
656 1017 759 1069 vocavi
770 1012 809 1069 ad
820 1032 937 1083 cenam,
946 1030 1007 1084 quo
1018 1013 1071 1071 die
1083 1020 1183 1086 venit,

278 1125 312 1174 et
326 1114 463 1174 eiusdem
478 1117 571 1185 patris
586 1134 675 1171 causa
689 1113 766 1170 nihil
780 1113 917 1185 amplius.
963 1113 993 1172 Is
1007 1115 1086 1172 mihi
1101 1117 1184 1174 dixit

279 1238 311 1277 se
326 1217 458 1275 Athenis
472 1235 522 1273 me
537 1223 794 1287 exspectaturum,
810 1223 845 1273 ut
859 1235 980 1274 mecum
999 1215 1181 1277 decederet

280 1306 432 1390 “Recte,'’
462 1322 601 1389 inquam3
633 1317 708 1388 qnid
736 1322 819 1375 enim
842 1317 994 1376 dicerem?
1043 1319 1183 1379 Omnino

279 1428 355 1494 puto
365 1420 442 1478 nihil
454 1439 530 1489 esse,
539 1420 621 1490 quod
632 1419 726 1487 dixit3
748 1418 819 1476 nolo
830 1419 964 1489 quidem,
974 1439 1015 1477 ne
1026 1420 1182 1479 offendam

280 1531 409 1595 patrem,
424 1541 516 1592 quem
531 1520 707 1578 mehercule
721 1520 853 1578 multum
867 1520 971 1591 diligo.
1016 1520 1072 1580 Sin
1086 1522 1183 1581 fuerit

281 1644 366 1683 meus
386 1642 496 1693 comes,
512 1622 692 1681 moderabor
711 1626 763 1692 ita,
778 1642 819 1680 ue
834 1622 908 1693 quid
926 1642 997 1683 eum
1016 1623 1182 1695 offendam,

281 1746 374 1799 quem
389 1729 514 1783 minime
529 1725 605 1782 volo.

324 1829 412 1886 Haec
423 1834 495 1884 sunt
501 1845 509 1895 ;
524 1830 616 1884 etiam
628 1825 712 1883 illud
737 1826 916 1885 Orationem
927 1824 965 1898 Q.
978 1826 1096 1885 Celeris
1107 1828 1183 1885 mihi

282 1929 374 1987 velim
397 1932 500 1985 mittas
525 1935 630 1985 contra
655 1927 698 1985 M.
722 1927 890 1985 Servilium.
937 1927 1070 1985 Litteras
1091 1934 1182 1988 mitte

283 2050 374 2101 quam
392 2033 539 2101 primurm
560 2033 585 2087 si
604 2028 691 2099 nihil,
707 2028 784 2085 nihil
804 2028 868 2086 fieri
888 2028 937 2086 vel
956 2049 1011 2100 per
1030 2035 1125 2088 tuum
1139 2040 1182 2090 ta·

282 2132 449 2189 hellarium.
489 2130 581 2187 Piliae
596 2137 629 2187 et
644 2130 721 2187 filiae
736 2129 873 2188 salutem.
919 2130 1005 2199 Cura,
1020 2137 1055 2187 ut
1072 2131 1181 2191 valeas

576 2595 681 2633 CICERO
702 2594 808 2633 mmo
830 2595 887 2633 snt.

4 2680 5 2683 ’
73 2683 132 2739 Ser.
140 2681 168 2738 in
177 2680 275 2737 itinere
328 2675 454 2731 Tarsum
468 2677 606 2730 venimus
621 2672 717 2730 Nonis
733 2671 835 2729 Iuniis.
881 2672 928 2729 Ibi
943 2692 992 2729 me
1005 2673 1108 2732 multa
1122 2696 1183 2733 mo-

68 2765 233 2838 paulopost
287 2789 406 2852 verunt,
421 2801 566 2852 magnum
585 2785 617 2836 in
639 2781 724 2853 Syria
743 2779 867 2850 bellum,
891 2800 1000 2851 magna
1023 2785 1057 2839 in
1082 2784 1185 2855 Cilicia

75 2847 229 3001 fflblun'
286 2890 452 2960 latrocinia,
478 2889 553 2946 mihi
581 2888 709 2947 difficilis
733 2892 810 2947 ratio
834 2887 1079 2962 administrandi,
1105 2893 1185 2964 quod

287 3018 397 3070 paucos
417 2997 483 3056 dies
504 2996 654 3054 habebam
675 2997 806 3068 reliquos
826 3001 921 3055 annui
941 3002 1089 3070 muneris,
1112 3000 1185 3058 illud

286 3114 389 3164 autem
401 3105 619 3174 difficillimum,
630 3103 848 3175 relinquendus
857 3113 924 3163 erat
933 3125 969 3162 ex
979 3115 1107 3165 senatus
1116 3129 1184 3165 con·

371 3225 432 3285 462
