2484 3854
459 294 629 356 MARCUS
650 293 833 354 TULLIUS
855 293 1005 353 CICERO

283 417 490 489 adiungemus.
508 417 695 488 θεοφράστου
705 416 769 488 περὶ
782 415 950 487 φιλοτιμίας
959 415 1046 474 adfer
1054 415 1129 472 mihi
1141 415 1181 473 de

283 526 366 584 libris
381 525 490 597 Quinti
504 526 612 584 fratris.

711 1059 775 1141 iv,

575 1188 679 1226 CICERO
702 1187 807 1225 At'rlco
829 1187 887 1224 sat.

73 1280 131 1336 Sor.
149 1272 269 1330 Antium.
328 1277 438 1334 Fecisti
453 1277 528 1334 mihi
542 1285 728 1348 pergratum,
739 1275 821 1347 quod
836 1276 1006 1346 Serapionis
1020 1274 1131 1331 librum
1142 1274 1183 1332 ad

74 1357 170 1433 Aprili
184 1377 210 1413 a.
286 1405 336 1442 me
350 1388 473 1451 misisti;
488 1405 526 1442 ex
540 1404 600 1455 quo
615 1384 738 1455 quidem
753 1404 820 1454 egO,
832 1383 913 1454 quod
927 1388 1008 1441 inter
1022 1402 1076 1439 ¹10⁵
1090 1370 1184 1440 liceat

74 1444 136 1504 695

287 1493 398 1562 dicere,
413 1492 603 1550 millesimam
618 1500 736 1563 partem
751 1496 800 1548 vix
815 1492 969 1561 intellego.
1003 1491 1059 1547 Pro
1074 1510 1111 1548 eo
1125 1491 1183 1547 tibi

286 1608 478 1673 praesentem
493 1604 651 1671 pecuniam
667 1600 741 1657 solvi
752 1603 905 1670 imperavi,
917 1619 957 1656 ne
968 1607 1002 1656 tu
1015 1617 1184 1669 expensum

285 1710 460 1767 muneribus
476 1708 577 1765 ferres.
624 1708 694 1778 Sed,
706 1712 848 1779 quoniam
862 1726 1054 1764 nummorum
1065 1709 1184 1763 mentio

285 1818 365 1875 facta
388 1825 445 1887 est,
468 1817 575 1873 amabo
599 1824 642 1887 te,
666 1837 745 1887 cura,
767 1824 802 1874 ut
824 1836 893 1872 cum
915 1814 1037 1884 Titinio,
1060 1833 1183 1884 quoquo

284 1924 376 1981 modo
394 1927 518 1995 poteria,
533 1927 690 1992 transigas.
736 1923 767 1981 Si
785 1927 816 1978 in
835 1942 881 1992 eo,
897 1921 978 1993 quod
995 1920 1184 1991 ostenderat,

285 2053 347 2090 non
365 2040 435 2102 stat,
450 2032 525 2088 mihi
545 2035 675 2088 maxime
695 2031 796 2101 placet
817 2038 959 2101 ea,'quae
978 2028 1057 2086 male
1078 2037 1185 2100 empta

286 2149 367 2212 sunt,
384 2140 482 2210 reddi,
502 2145 526 2197 si
544 2140 700 2197 voluntate
721 2138 902 2210 Pomponiae
923 2138 987 2195 fieri
1006 2141 1135 2208 poterit;
1159 2142 1185 2195 si

285 2270 325 2307 ne
347 2249 378 2306 id
396 2249 531 2320 quidem,
550 2251 666 2305 nummi
683 2252 783 2318 potius
801 2246 977 2316 reddantur,
995 2264 1085 2315 quam
1103 2244 1186 2302 ullus

285 2362 325 2415 sit
348 2356 511 2427 scrupulus
559 2354 655 2412 Valde
677 2355 734 2411 hoc
756 2355 856 2424 velim,
879 2362 1042 2424 antequam
1064 2352 1184 2424 profici-

286 2485 378 2535 scare,
393 2471 539 2533 amanter,
555 2472 590 2521 ut
605 2463 691 2533 solea,
707 2462 931 2533 diligenterque
947 2460 1092 2519 conficias.

327 2573 449 2631 Clodius
464 2592 546 2642 ergo,
561 2580 596 2628 ut
611 2576 663 2640 ais,
675 2570 713 2628 ad
729 2570 906 2641 Tigranem!
951 2568 1051 2626 Velim
1065 2569 1184 2639 Scepsii

286 2681 478 2748 condicione3
498 2679 552 2737 sed
566 2679 654 2736 facile
669 2682 774 2750 patior.
819 2676 1084 2734 Accommodatius
1099 2681 1185 2734 enirn

285 2791 372 2847 nobis
387 2797 434 2847 est
448 2788 485 2845 ad
500 2788 626 2845 liberam
640 2787 826 2857 legationem
838 2794 959 2856 tempus
969 2784 1055 2856 illud,
1068 2805 1137 2842 cum
1151 2794 1186 2844 et

286 2899 419 2970 Quintus
434 2906 537 2955 noster
551 2901 620 2966 iam,
636 2903 670 2952 ut
688 2913 851 2966 speramus,
869 2898 901 2950 in
919 2897 981 2950 otio
999 2892 1185 2965 consederit,

250 3066 256 3081 ,
281 3015 328 3077 et,
345 3011 404 3064 iste
422 3004 559 3062 sacerdos
578 3003 680 3059 Bonae
699 3001 774 3059 deae
793 2999 976 3065 cuiusmodi
994 2999 1114 3058 futurus
1132 3005 1186 3072 sit,

284 3125 446 3179 scierimus,
493 3118 615 3174 Interea
630 3115 756 3187 quidem¹
772 3134 841 3178 eum
861 3114 955 3170 Musis
973 3133 1027 3170 nos
1045 3112 1184 3173 delecta-

372 3250 383 3298 1
392 3248 427 3298 18
