2494 3854
432 273 601 333 MARCUS
622 272 804 332 TULLIUS
826 271 976 331 CICERO

256 395 296 453 ad
309 402 342 454 te
356 397 470 466 scripsi,
482 394 521 453 de
536 394 626 453 domo
639 395 794 452 Pammeni
805 393 860 452 des
870 401 1003 480 operam,
1014 400 1059 461 ut,
1071 393 1156 465 quod

256 498 311 548 tuo
319 509 448 561 meoque
457 491 605 549 beneficio
613 487 801 562 puerhabet,
810 509 907 561 cures,
916 509 956 547 ne
965 488 1025 560 qua
1034 492 1156 546 ratione

256 584 451 644 convellatur.
497 587 627 657 Utrique
649 593 786 644 nostrum
810 583 1156 652 honestum'existim03

257 689 324 739 tum
337 681 414 739 mihi
428 685 487 740 erit
500 690 684 753 pergratum.

667 998 742 1057 XXI

551 1114 655 1152 crcnno
677 1114 783 1153 arnco
804 1114 862 1152 sau.

47 1198 106 1257 Ser,
122 1197 228 1258 Laodi.
302 1190 390 1249 Tein
405 1191 531 1263 Epirum
546 1190 661 1250 salvum
676 1195 793 1249 venisse
806 1199 847 1262 et,
860 1198 895 1248 ut
906 1191 1019 1261 scribis,
1035 1209 1074 1248 ex
1089 1210 1159 1248 sen·
1189 1267 1194 1274 Ι

47 1302 111 1340 oeae
126 1282 169 1340 Id.
260 1291 359 1345 tentia
373 1291 529 1358 navigasse
540 1286 741 1345 vehementer
751 1287 879 1358 gaudeo,
891 1306 953 1344 non
965 1305 1030 1344 esse
1044 1286 1159 1344 Romae

48 1365 167 1424 Febr-a·
183 1365 243 1436 704
261 1402 330 1440 meo
352 1390 490 1454 tempore
512 1381 736 1454 pernecessario
758 1382 943 1441 submoleste
968 1381 1041 1440 fero.
1088 1382 1160 1439 Hoc

260 1498 310 1536 me
319 1486 423 1535 tamen
435 1478 571 1536 consolor
580 1499 650 1549 uno,
660 1498 748 1550 spero
758 1486 791 1536 te
802 1483 870 1537 istic
881 1477 1013 1536 iucunde
1022 1477 1160 1536 hiemare

262 1582 295 1632 et
308 1573 441 1632 libenter
461 1578 658 1646 requiescere.
704 1574 735 1632 C.
753 1575 880 1645 Cassius,
894 1573 990 1632 frater
1010 1572 1047 1645 Q.
1066 1573 1159 1643 Cassi,

262 1669 416 1728 familiaris
438 1674 494 1741 tui,
514 1671 711 1742 pudentiores
734 1670 800 1728 illas
822 1671 941 1729 litteras
963 1674 1098 1741 miserat,
1120 1669 1159 1727 de

263 1767 371 1837 quibus
385 1773 420 1824 tu
436 1786 473 1823 ex
493 1786 543 1824 me
560 1770 697 1837 requiris,
716 1765 790 1837 quid
809 1766 866 1823 sibi
884 1766 1047 1836 voluerint,
1068 1785 1160 1836 quam
1238 1802 1239 1837 1

263 1881 323 1932 eas,
338 1881 412 1933 quas
426 1869 532 1934 postea
546 1866 638 1933 misit,
654 1862 762 1933 quibus
782 1881 837 1933 per
860 1881 892 1920 se
913 1862 1018 1920 scribit
1038 1861 1160 1919 confec·
1238 1856 1239 1867 ¹

263 1964 330 2015 tum
345 1976 410 2015 esse
423 1956 596 2015 Parthicum
607 1957 730 2015 bellum.
770 1957 968 2015 Recesserant
978 1957 1024 2014 illi
1035 1958 1162 2029 quidem

263 2053 302 2110 ab
316 2051 480 2110 Antiochia
494 2061 566 2112 ante
581 2053 683 2111 Bibuli
696 2053 872 2124 adventum,
888 2053 943 2111 sed
957 2053 1043 2111 nullo
1056 2061 1163 2113 nostro
1233 2058 1237 2091 ⁵

265 2146 468 2220 ‘lahsslmttt
483 2149 574 2207 hodie
585 2169 656 2207 vero
666 2148 804 2207 hiemant
814 2153 847 2206 in
856 2149 1057 2220 Cyrrhestica,
1066 2153 1163 2207 maxi-
1237 2206 1239 2213 ,

265 2263 409 2313 mumque
434 2244 549 2302 bellum
573 2245 740 2316 impendet.
786 2245 865 2302 Nam
892 2252 927 2303 et
952 2244 1058 2315 Orodi,
1081 2249 1164 2315 regis

267 2339 455 2410 Parthorum,
470 2339 548 2398 filius
563 2344 595 2397 in
609 2345 762 2411 provincia
778 2348 881 2398 nostra
895 2346 952 2411 est,
967 2360 1025 2398 nec
1039 2339 1166 2398 dubitat
1238 2360 1239 2375 ³

266 2418 438 2505 Deiotarus,
448 2439 532 2493 cuius
547 2436 608 2493 filio
617 2443 707 2508 pacta
722 2449 770 2493 est
781 2424 957 2494 Artavasdis
968 2435 1038 2506 filia,
1050 2455 1090 2493 ex
1103 2455 1164 2508 quo
1238 2512 1239 2515 Ἴ

266 2532 335 2588 sciri
357 2537 469 2602 potest,
493 2535 567 2601 quin
596 2551 665 2589 cum
690 2532 829 2589 omnibus
855 2516 949 2603 copiis
974 2535 1039 2603 ipse
1065 2535 1165 2603 prima

266 2632 383 2683 aestate
406 2624 585 2698 Euphraten
610 2631 791 2686 transiturus
810 2631 858 2685 sit.
904 2627 974 2700 Quo
990 2634 1096 2685 autem
1114 2628 1165 2686 die
1238 2692 1239 2699 ,

268 2721 350 2779 Cassi
362 2721 484 2780 litterae
500 2727 638 2781 victrices
651 2727 684 2781 in
699 2731 807 2781 senatu
818 2728 965 2782 recitatae
979 2731 1062 2794 sunt,
1074 2723 1165 2782 datae
1238 2714 1239 2743 ³

269 2817 365 2875 Nonis
380 2817 572 2890 Octobribus,
582 2819 691 2877 eodem
701 2839 788 2877 meae
797 2820 964 2891 tumultum
975 2823 1164 2878 nuntiantes.

269 2912 365 2970 Axius
376 2922 479 2972 noster
490 2918 533 2972 ait
543 2922 660 2972 nostras
671 2920 860 2974 auctoritatis
870 2915 977 2986 plenas
988 2914 1094 2986 fuisse,
1105 2915 1166 2973 illis

267 3016 364 3078 negat
377 3009 535 3067 creditum.
580 3008 682 3068 Bibuli
693 3009 832 3068 nondum
847 3018 935 3068 erant
948 3010 1077 3079 allatae3
1092 3029 1166 3081 quas

269 3111 354 3162 certo
368 3109 429 3163 scio
443 3105 548 3176 plenas
562 3109 678 3165 timoris
693 3105 765 3177 fore,

355 3218 413 3278 398
