2526 3850
426 297 596 356 MARCUS
617 295 800 356 TULLIUS
821 294 971 354 CICERO

251 417 396 476 Acidinos
410 424 517 489 postea
526 415 669 475 reddidit.
708 416 737 473 N
738 394 786 474 am
798 416 922 475 Milonis
933 415 1067 486 domum,
1078 434 1148 472 eam

250 546 327 597 quae
350 534 397 584 est
416 529 448 582 in
472 525 619 596 Cermalo,
634 545 677 596 pr.
696 524 768 583 Idus
791 524 953 582 Novembr.
972 542 1147 596 expugnare

251 643 284 693 et
302 635 466 693 incendere
487 639 530 692 ita
549 642 674 691 conatus
694 641 751 704 est,
774 641 810 691 ut
829 632 929 705 palam
947 632 1021 690 hora
1040 636 1147 703 quinta

220 802 223 807 ,
251 763 320 801 cum
334 748 426 802 scutis
441 743 579 800 homines
591 742 709 800 eductis
719 742 838 813 gladiis
849 741 922 799 alios
934 761 1003 799 cum
1013 744 1147 798 accensis

250 850 365 909 facibus
379 851 548 909 adduxerit.
594 850 663 922 lpse
678 849 802 908 domum
818 849 848 906 P.
857 850 965 908 ‘Sullae
977 869 1031 921 pro
1042 852 1147 906 castris

251 960 307 1017 sibi
332 959 371 1017 ad
397 980 464 1017 eam
493 963 754 1031 impugnationem
780 965 956 1029 sumpserat.
1001 957 1080 1015 Tum
1109 977 1147 1015 ex

251 1067 393 1125 Anniana
407 1068 531 1126 Milonis
546 1068 636 1125 domo
651 1066 688 1139 Q.
703 1067 827 1124 Flaccus
843 1066 949 1124 eduxit
960 1070 1038 1123 viros
1052 1069 1148 1134 acris;

251 1176 362 1234 occidit
376 1177 514 1234 homines
536 1196 573 1234 ex
588 1179 670 1233 omni
690 1175 847 1232 latrocinio
867 1174 1011 1232 Clodiano
1028 1178 1149 1232 notissi-

250 1304 325 1355 mos
340 1288 439 1356 ipsum
459 1289 582 1355 cupivit,
598 1284 653 1342 sed
675 1284 778 1341 illese
798 1287 830 1340 in
849 1273 1009 1341 interiora¹
1027 1283 1150 1341 aedium
1261 1294 1262 1363 ]

1261 1366 1262 1391 l

251 1392 361 1451 Sullae.
398 1392 477 1449 Exin
492 1400 615 1450 senatus
629 1391 775 1463 postridie
791 1392 870 1449 Idus
911 1391 1002 1449 Domi
1016 1390 1147 1449 Clodius.

251 1500 400 1571 Egregius
415 1500 621 1570 Marcellinus
641 1520 746 1558 omnes
765 1520 857 1557 acres.
902 1499 1048 1558 Metellus
1068 1499 1150 1557 calu-

250 1612 332 1665 mnia
346 1608 468 1666 dicendi
487 1616 608 1680 tempus
624 1612 738 1666 exemit
752 1608 915 1666 adiuvante
931 1608 1041 1679 Appio,
1056 1610 1150 1665 etiam

253 1715 375 1774 hercule
390 1715 528 1774 familiari
543 1725 606 1788 tuo,
618 1716 658 1774 de
673 1721 757 1774 cuius
769 1720 939 1774 constantia
950 1720 1062 1774 virtute
1077 1723 1150 1774 tuae

251 1829 424 1883 verissimae
443 1824 573 1883 litterae.
619 1826 735 1883 Sestius
759 1824 868 1882 furere.
914 1823 971 1882 Ille
994 1832 1109 1896 postea,
1125 1828 1150 1881 si

252 1937 374 1991 comitia
388 1953 441 1990 sua
455 1954 517 1990 non
532 1933 650 2004 fierent,
665 1934 733 1990 urbi
747 1937 862 1989 minari.
897 1932 983 2003 Milo,
997 1936 1152 2004 proposita

253 2040 424 2099 Marcellini
442 2045 604 2112 sententia,
616 2062 706 2113 quam
721 2041 772 2098 ille
787 2041 826 2098 de
842 2045 953 2112 scripto
964 2046 1008 2099 ita
1021 2040 1151 2112 dixerat,

251 2156 287 2207 ut
300 2158 397 2208 totam
408 2158 542 2208 nostram
551 2170 671 2207 causam
682 2170 779 2220 areae,
789 2149 1008 2220 incendiorum,
1023 2148 1151 2222 periculi

250 2262 312 2316 mei
343 2259 463 2322 iudicio,
482 2258 738 2329 complecteretur
767 2278 863 2329 eaque
892 2261 993 2315 omnia
1021 2260 1153 2316 comitiis

251 2365 429 2436 anteferret,
444 2371 619 2438 proscripsit
641 2386 673 2425 se
696 2387 751 2438 per
768 2386 874 2424 omnes
896 2365 962 2424 dies
984 2365 1152 2424 comitiales

253 2473 292 2531 de
308 2473 392 2532 caelo
407 2478 593 2532 servaturum

295 2583 459 2641 Contiones
485 2583 680 2641 turbulentae
706 2584 838 2654 Metelli,
859 2588 1038 2653 temerariae
1058 2583 1153 2655 Appi,

254 2690 466 2750 furiosissimae
488 2691 584 2749 Publi.
630 2691 718 2749 Haec
738 2699 843 2749 tamen
862 2711 988 2765 summa,
1002 2695 1060 2749 nisi
1076 2691 1153 2750 Milo

253 2802 285 2855 in
307 2819 413 2872 campo
435 2801 655 2870 obnuntiasset,
670 2804 792 2857 comitia
811 2799 920 2858 futura.
965 2800 1049 2858 Ante
1069 2800 1153 2859 diem
1228 2848 1231 2861 .

254 2926 296 2964 xn
320 2908 386 2965 Kal.
411 2908 571 2967 Decembr.
596 2907 673 2966 Milo
695 2909 921 2988 ante-mediam
940 2916 1063 2967 noctem
1083 2930 1154 2968 cum

253 3037 364 3088 magna
378 3036 470 3074 manu
485 3021 517 3072 in
532 3036 671 3088 campum
686 3021 779 3076 venit.
825 3017 957 3090 Clodius,
972 3038 1041 3075 cum
1058 3018 1154 3076 habe-

412 3168 418 3195 ¹
432 3168 457 3217 in
471 3168 600 3219 interiora
615 3168 720 3220 Orelli:
736 3186 771 3218 ex
783 3170 937 3221 interiorem
950 3171 991 3220 M.

338 3257 398 3321 276
