2526 3850
437 318 608 378 MARCUS
629 316 813 377 TULLIUS
833 316 984 376 CICERO

263 439 415 511 Quintum
427 460 532 498 meum
545 448 704 512 tuumque,
715 439 748 498 di
762 441 849 497 boni!
874 459 967 511 quem
980 439 1021 497 ad
1034 439 1165 498 modum

262 542 376 593 tractat
388 534 514 607 honore,
529 536 691 608 dignitate,
700 535 813 607 gratia!
834 555 898 593 non
911 555 999 593 secus
1011 555 1048 593 ac
1062 539 1089 593 si
1103 555 1166 607 ego

263 651 362 689 essem
386 635 558 704 imperator.
593 633 734 690 Hiberna
757 631 887 703 legionis
915 631 1052 705 eligendi
1076 635 1166 703 optio

262 727 366 786 delata
379 728 582 799 commodum,
597 736 633 786 ut
646 728 685 787 ad
699 748 750 786 me
765 726 900 799 Quintus
913 729 1026 786 scribit
1066 728 1165 785 Hunc

262 831 298 881 tu
312 843 374 881 non
388 824 490 882 ames?
509 844 602 895 quem
615 827 710 895 igitur
722 824 868 882 istorum?

305 919 368 978 Sed
388 919 465 978 heus
486 921 536 978 tu!
558 924 776 992 scripseramne
791 921 848 977 tibi
867 940 918 978 me
935 940 1002 978 esse
1023 919 1165 991 legatum

265 1014 409 1088 Pompeio
419 1022 452 1073 et
462 1023 549 1073 extra
559 1017 667 1074 urbem
675 1015 800 1087 quidem
810 1014 876 1073 fore
887 1035 926 1073 ex
935 1013 1041 1073 Idibus
1053 1013 1165 1073 lanua·

262 1112 333 1169 riis?
376 1111 481 1170 Visum
496 1119 544 1170 est
560 1110 619 1169 hoc
632 1111 708 1168 mihi
726 1111 767 1169 ad
785 1111 883 1168 multa
897 1111 1054 1182 quadrare
1099 1111 1165 1170 Sed

263 1207 338 1278 quid
350 1207 456 1279 plura?
485 1208 602 1278 Coram,
616 1210 734 1278 opinor,
748 1207 875 1278 reliqua,
889 1215 926 1265 ut
939 1215 974 1265 tu
988 1215 1094 1265 tamen
1108 1207 1166 1265 ali-

263 1303 338 1375 quid
362 1311 529 1376 exspectea
575 1303 723 1374 Dionysio
747 1302 909 1375 plurimam
937 1303 1084 1372 salutem3
1114 1308 1167 1361 cui

263 1398 388 1470 quidem
407 1419 465 1470 ego
484 1419 547 1456 non
565 1399 657 1457 modo
675 1404 801 1470 servavi,
815 1399 871 1457 sed
893 1403 986 1457 etiam
1007 1399 1168 1457 aedificavi

263 1494 372 1552 locum
415 1494 499 1567 Quid
512 1496 651 1566 quaeris?
671 1494 711 1553 ad
725 1515 875 1553 summam
888 1495 1038 1554 laetitiam
1051 1516 1167 1568 meam,

263 1611 355 1662 quam
377 1610 417 1648 ex
438 1598 493 1649 tuo
516 1591 619 1648 reditu
643 1594 739 1662 capio,
758 1611 887 1662 magnus
909 1590 990 1649 illius
1012 1591 1168 1651 adventus

263 1686 402 1745 cumulus
415 1686 542 1745 accedit
566 1685 637 1758 Quo
647 1685 698 1744 die
711 1686 752 1744 ad
765 1706 816 1744 me
827 1690 942 1758 venien,
953 1686 1002 1744 fac
1012 1695 1058 1757 ut,
1072 1691 1100 1745 ai
1114 1709 1168 1747 me
1254 1692 1255 1703 ¹

263 1802 356 1853 amas,
369 1782 452 1854 apud
465 1802 515 1840 me
530 1802 600 1840 cum
614 1785 676 1840 tuis
689 1802 821 1840 maneas.
1254 1764 1255 1779 ἵ
