2526 3850
451 291 620 350 MARCUS
642 290 824 350 TULLIUS
846 289 997 348 CICERO

275 420 335 474 tuis
349 415 515 477 commodis
528 420 654 487 cogitas,
664 415 874 480 adventareet
888 430 982 487 prope
993 414 1099 473 adesse
1113 418 1175 472 iam

275 512 378 570 debes.
423 513 493 569 Non
516 511 692 569 mehercule
713 531 810 583 aequo
831 516 933 569 animo
955 519 988 569 te
1010 530 1118 580 care03
1140 518 1173 569 te

275 615 378 665 autem
393 608 466 679 quid
481 611 600 678 mirum,
616 612 668 678 qui
689 607 869 679 Dionysium
886 614 973 665 tanto
987 626 1079 679 opere
1094 606 1173 664 desi-

275 704 402 761 derem?
446 702 547 775 Quem
561 704 687 775 quidem
703 704 756 761 abs
774 711 902 775 te,·cum
917 703 982 761 dies
996 706 1125 773 venerit,
1141 710 1174 760 et

276 820 334 871 ego
344 801 381 858 'et
396 800 501 857 Cicero
515 820 600 858 meus
611 799 767 871 flagitabit.
802 800 867 857 Abs
881 807 913 858 te
925 802 1074 871 proximas
1089 798 1172 861 litte·
1250 876 1251 881 ἵ

275 916 322 954 ras
337 896 486 954 habebam
498 896 620 970 Epheso
634 918 659 954 a.
676 896 705 954 d.
722 917 740 955 v
755 896 828 954 Idus
843 896 948 955 Sextil.
965 895 1058 953 datas.
1250 890 1251 893 ¹

627 1140 703 1198 XIX
718 1127 836 1212 [XVII]

578 1256 681 1294 crcnno
697 1256 802 1294 eruco
817 1255 876 1294 sat.

319 1333 347 1393 Ο
363 1340 553 1405 exspectatas
568 1332 643 1390 mihi
657 1341 725 1391 tuas
740 1333 872 1391 litteras!
893 1352 911 1390 o
925 1340 1047 1404 gratum
1060 1332 1174 1391 adven-

276 1429 357 1487 tum!
373 1433 604 1486 oconstantiam
619 1433 757 1500 promissi
772 1437 806 1487 et
819 1428 911 1487 fidem
926 1429 1046 1485 miram!
1063 1448 1081 1485 o
1092 1433 1175 1486 navi-
1250 1414 1251 1437 ¹

276 1529 431 1598 gationem
460 1525 634 1582 amandam!
671 1545 761 1596 quam
795 1524 970 1583 mehercule
1000 1539 1059 1595 ego
1087 1524 1177 1584 valde
1250 1544 1251 1573 ³

276 1621 423 1680 timebam
455 1621 616 1679 recordans
645 1625 806 1696 superioris
838 1627 909 1678 tuae
942 1624 1177 1681 transmissionis

277 1716 388 1789 δέρρεις.
412 1717 484 1788 Sed,
495 1721 553 1775 nisi
564 1717 661 1788 fallor,
673 1720 762 1775 citius
774 1725 816 1788 te,
828 1737 919 1789 quam
931 1717 1045 1788 scribis,
1055 1717 1174 1775 videbo.

277 1814 375 1871 Credo
395 1817 477 1871 enim
497 1821 529 1872 te
549 1821 672 1887 putasse
686 1821 754 1872 tuas
768 1813 911 1871 mulieres
925 1817 957 1870 in
972 1813 1084 1885 Apulia
1098 1833 1175 1872 esse.

277 1908 368 1980 Quod
383 1929 453 1967 cum
468 1929 554 1968 secus
569 1914 637 1981 erit,
653 1911 727 1981 quid
741 1918 774 1968 te
790 1909 901 1981 Apulia
915 1911 1069 1967 moretur?
1091 1910 1177 1968 Num
1218 1945 1221 1952 ·

277 2005 416 2062 Vestorio
427 2006 520 2063 dandi
531 2014 604 2064 sunt
617 2006 682 2064 dies
694 2013 728 2064 et
741 2005 792 2063 ille
808 2005 935 2063 Latinus
951 2003 1123 2076 ἀττικισμὸς
1138 2027 1176 2065 ex

277 2102 438 2160 intervallo
463 2102 684 2174 regustandus?
738 2100 821 2173 Quin
846 2100 967 2159 tu'huc
991 2101 1114 2160 advolas
1144 2112 1178 2161 et
1250 2100 1251 2135 ³

277 2201 380 2256 invisis
389 2198 469 2256 illius
478 2206 599 2256 nostrae
609 2202 653 2255 rei
665 2197 804 2270 publicae
813 2216 977 2268 germanae
986 2188 1176 2268 imaginem}
1248 2264 1251 2271 ⁴

279 2294 438 2367 Disputavi
454 2294 493 2351 de
508 2298 639 2351 nummis
654 2301 727 2352 ante
742 2297 864 2351 comitia
878 2293 1018 2351 tributim
1033 2314 1094 2351 uno
1108 2294 1177 2352 loco

277 2391 379 2448 divisis
399 2390 508 2461 palam,
527 2390 598 2448 inde
619 2391 792 2448 absolutum
814 2390 993 2448 Gabinium:
1013 2409 1107 2464 remp.
1125 2383 1177 2449 in²

277 2486 460 2544 dictaturam
470 2477 576 2544 ruere³
591 2490 707 2544 iustitio
727 2494 761 2544 et
774 2490 910 2543 omnium
925 2505 1027 2545 rerum
1040 2486 1175 2546 licentia.
1250 2504 1251 2509 ’

278 2570 418 2643 Perspice
433 2574 621 2643 aequitatem
635 2574 728 2627 animi
743 2574 803 2627 mei
819 2578 852 2628 et
865 2570 956 2627 lauda
970 2561 1089 2628 meam4
1104 2592 1176 2630 con·
1250 2568 1251 2581 ¹

277 2669 479 2737 temptionem
489 2666 685 2724 Seleucianae
696 2670 868 2739 provinciae
878 2673 911 2724 et
921 2665 1096 2725 mehercule
1106 2688 1177 2726 cum

278 2762 404 2819 Caesare
426 2765 631 2820 suavissimam
650 2766 896 2820 coniunctionem
917 2749 1007 2830 (haec
1026 2766 1111 2819 enim
1124 2784 1176 2823 me

277 2876 338 2915 una
360 2876 398 2915 ex
419 2856 476 2915 hoc
498 2858 655 2929 naufragio
674 2857 778 2915 tabula
795 2845 959 2927 delectat);
983 2858 1176 2929 quiquidem

311 2967 473 3046 {imaginem
491 2968 580 3018 added
589 2968 622 3033 by
640 2968 798 3034 Wesenberg.
818 2967 956 3032 disputavi
973 2967 1108 3033 Madvig:
1126 2985 1176 3033 pu-

277 3033 452 3164 tallrdhlrffln
464 3099 553 3149 added
562 3100 593 3162 by
604 3100 729 3164 Madvig.
762 3097 862 3149 lmese
874 3099 1009 3162 Madvig:
1028 3099 1118 3149 fruere
1130 3102 1172 3151 M.
1241 3078 1246 3089 Ι

310 3165 411 3215 ⁴iauda
423 3181 510 3215 meam
522 3166 606 3215 Boot:
623 3166 715 3215 ludum
728 3172 755 3215 et
763 3165 807 3214 M.
863 3209 868 3214 .

361 3249 420 3302 332
