2480 3862
448 333 617 392 MARCUS
638 328 820 392 TULLIUS
843 329 992 392 CICERO

270 471 333 513 non
352 455 473 512 amicus.
519 445 619 511 Hunc
633 473 691 525 ego
705 458 730 511 si
750 457 781 510 in
800 453 964 525 praefectis
985 454 1172 525 habuissem,

271 570 363 622 quem
377 557 412 608 tu
426 569 476 607 me
491 549 647 607 hominem
661 550 802 621 putares?
838 548 910 621 Qui,
924 556 961 606 ut
978 553 1046 620 scis,
1061 558 1171 621 poten·

268 650 455 704 tissimorum
463 645 620 703 hominum
632 649 852 723 contumaciam
861 664 1026 715 numquam
1035 645 1172 716 tulerim,
1234 650 1235 657 ’

272 741 383 799 ferrem
397 741 487 799 huius
501 741 679 799 adseculae?
695 745 753 799 etsi
767 740 825 798 hoc
840 741 908 813 plus
918 748 966 798 est
977 760 1070 811 quam
1081 741 1173 811 ferre,

272 838 406 895 tribuere
421 842 514 895 etiam
528 837 642 907 aliquid
656 835 796 894 beneficii
811 843 844 894 et
857 835 985 894 honoris.
1032 836 1064 894 Is
1079 841 1174 908 igitur
1234 830 1235 839 ¹

274 933 395 1003 GaviuS,
407 953 476 990 cum
488 934 642 1004 Apameae
653 952 703 990 me
714 951 813 1003 nuper
824 932 950 990 vidisset
962 932 1093 990 Romam
1103 953 1173 1005 pro-

270 1028 420 1099 ficiscens,
428 1048 478 1086 me
489 1032 533 1086 ita
543 1028 717 1099 appellavit,
726 1035 762 1085 ut
771 1027 941 1086 Culleolum
950 1031 999 1084 vix
1008 1028 1174 1087 auderem:

274 1110 422 1194 “Undej'
435 1128 544 1194 inquit,
556 1109 576 1136 “
581 1144 631 1181 me
643 1124 728 1181 iubes
739 1131 845 1195 petere
857 1123 967 1181 cibaria
978 1123 1148 1195 praefecti?
1156 1125 1172 1144 ”

276 1220 429 1291 Respondi
443 1220 552 1290 lenius
567 1239 658 1290 quam
675 1220 825 1291 putabant
838 1222 1017 1290 oportuisse,
1032 1224 1085 1290 qui
1100 1220 1173 1278 ade-

274 1322 353 1386 rant,
378 1335 428 1372 me
453 1335 515 1372 non
539 1319 707 1372 instituisse
730 1319 765 1373 iis
794 1315 866 1373 dare
896 1315 1016 1385 cibaria,
1043 1334 1173 1386 quorum

274 1430 366 1494 opera
380 1430 443 1468 non
457 1431 555 1469 essem
570 1430 647 1468 usus.
686 1411 773 1468 Abiit
786 1415 888 1469 iratus
927 1411 1029 1468 Huius
1044 1411 1174 1468 nebulo·

274 1511 321 1565 nis
336 1511 471 1565 oratione
486 1511 511 1564 si
526 1507 637 1564 Brutus
647 1510 762 1564 moveri
772 1514 884 1578 potest,
893 1505 999 1564 licebit
1010 1526 1081 1564 eum
1092 1507 1175 1565 solus

274 1622 367 1674 ames,
387 1622 437 1660 me
462 1603 615 1661 aemulum
640 1622 703 1659 non
727 1601 860 1659 habebis.
905 1601 967 1662 Sed
992 1601 1079 1660 illum
1103 1623 1175 1661 eum

275 1698 412 1756 futurum
441 1718 506 1756 esse
534 1705 619 1769 puto,
649 1701 701 1768 qui
730 1717 795 1755 esse
823 1697 925 1755 debet
969 1696 1038 1754 Tibi
1066 1705 1175 1757 tamen

275 1814 396 1852 causam
410 1802 514 1852 notam
528 1813 594 1850 esse
609 1793 690 1852 volui
705 1800 738 1850 et
751 1793 791 1850 ad
804 1797 904 1864 ipsum
918 1793 994 1851 haec
1011 1799 1176 1867 perscripsi

276 1889 516 1959 diligentissime.
562 1889 696 1948 Omnino
720 1876 791 1957 (soli
816 1892 898 1946 enim
927 1877 1043 1957 sumus)
1071 1890 1175 1948 nullas

275 2004 419 2055 umquam
441 1985 481 2042 ad
503 2005 553 2043 me
576 1984 694 2042 litteras
715 1988 799 2042 misit
824 1985 945 2054 Brutus,
968 2003 1008 2043 ne
1032 1990 1176 2055 proxime

276 2080 399 2153 quidem
419 2080 459 2138 de
479 2082 589 2152 Appio,
610 2084 642 2137 in
662 2080 770 2150 quibus
790 2100 853 2137 non
876 2083 990 2137 inesset
1012 2079 1176 2153 adrogans,

277 2174 486 2245 ἀκοινονόητονι
499 2176 621 2248 aliquid.
667 2174 733 2234 Tibi
754 2184 858 2233 autem
878 2175 965 2233 valde
980 2174 1059 2233 solet
1074 2179 1110 2234 in
1125 2182 1176 2235 ore

277 2291 359 2330 esse:

818 2340 977 2413 “Granius
991 2361 1098 2412 autem

332 2451 403 2508 Non
418 2458 615 2509 contemnere
630 2471 662 2509 se
678 2458 710 2508 et
723 2470 812 2521 reges
826 2450 925 2508 odisse
940 2450 1119 2520 superbos”

278 2560 316 2617 In
330 2579 390 2630 quo
404 2568 508 2617 tamen
520 2560 572 2617 ille
583 2559 658 2616 mihi
669 2564 763 2634 risum
773 2563 869 2629 magis
881 2578 971 2629 quam
982 2560 1178 2618 stomachum

277 2667 399 2705 movere
414 2647 499 2705 solet.
537 2647 599 2705 Sed
613 2647 703 2718 plane
718 2666 824 2718 parum
839 2650 963 2717 cogitat,
973 2645 1048 2716 quid
1063 2649 1179 2706 scribat

277 2744 331 2794 aut
345 2737 384 2794 ad
399 2756 498 2807 quem.

320 2824 357 2897 Q.
371 2823 475 2882 Cicero
490 2844 566 2896 puer
579 2824 666 2895 legit,
677 2830 713 2881 ut
728 2827 843 2895 opinor,
859 2830 892 2880 et
906 2830 999 2894 certe,
1011 2824 1178 2895 epistulam

233 2930 237 2936 ·
276 2915 453 2985 inscriptam
472 2917 551 2985 patri
571 2932 632 2970 suo.
677 2912 763 2970 Solet
782 2915 864 2969 enim
884 2915 1001 2984 aperire
1021 2911 1116 2983 idque
1138 2915 1177 2973 de

277 3022 346 3060 meo
368 3002 502 3073 consilio,
522 3005 547 3058 si
569 3000 642 3072 quid
664 3000 743 3058 forte
764 3004 814 3071 sit,
835 3000 917 3071 quod
939 3020 1013 3071 opus
1036 3004 1076 3058 sit
1098 3006 1176 3063 sciri

279 3092 317 3149 In
331 3111 367 3150 ea
380 3098 484 3149 autem
499 3090 628 3162 epistula
643 3097 709 3148 erat
725 3089 808 3147 idem
826 3088 903 3147 illud
920 3089 960 3147 de
976 3108 1080 3148 sorore
1095 3091 1179 3162 quod

278 3179 317 3238 ad
331 3199 389 3237 me.
435 3178 562 3236 Mirifice
582 3178 796 3236 conturbatum
815 3176 877 3239 vidi
892 3196 1028 3248 puerum.
1075 3177 1178 3237 Lacri-

363 3273 423 3334 460
