2526 3850
445 270 614 329 Marcus
635 269 817 330 ruimus
839 268 989 327 olcsno
1026 230 1028 233 ’

266 390 367 450 fuerat
376 411 414 450 ex
423 396 540 450 ratione
552 399 690 464 sumptus
700 391 835 462 offensio,
845 410 908 447 non
916 396 1085 462 appareret.
1106 385 1162 446 Ille
1244 430 1245 435 κ

267 496 309 550 sic
324 493 398 552 dies.
444 493 593 551 Postridie
608 513 646 551 ex
661 493 802 565 Arpinati
816 491 945 564 profecti
962 508 1072 549 sumus.
1119 491 1163 548 Ut

266 597 299 650 in
322 593 441 651 Arcano
461 592 594 665 Quintus
614 602 762 664 maneret,
777 593 842 651 dies
862 593 946 663 fecit,
961 613 1019 665 ego
1039 592 1161 663 Aquini,

266 689 321 746 sed
330 690 506 762 prandimus
515 694 547 747 in
557 689 684 747 Arcano.
701 690 791 748 Nosti
801 689 883 746 hunc
894 688 1031 746 fundum.
1049 686 1119 759 Quo
1127 695 1162 745 ut

226 803 230 812 ·
266 789 413 856 venimus
431 785 646 844 humanissime
664 784 797 857 Quintus
817 771 1031 857 “Pomponia”
1052 787 1161 854 inquit,

266 867 286 894 “
292 889 326 939 tu
342 885 437 939 invita
447 883 599 953 mulieres,
611 902 669 954 ego
680 886 813 939 arcivero
823 882 930 940 viros.'’
954 879 1040 937 Nihil
1050 883 1160 952 potuit,

265 977 341 1034 mihi
355 978 479 1049 quidem
494 985 529 1035 ut
542 982 640 1035 visum
659 985 715 1048 est,
731 977 848 1035 dulcius
867 977 959 1048 idque
979 997 1048 1033 cum
1062 976 1161 1034 verbis

265 1080 333 1131 tum
348 1078 440 1132 etiam
451 1078 552 1131 animo
563 1094 598 1131 ac
612 1075 707 1132 vultu.
753 1074 796 1132 At
807 1073 859 1131 illa
869 1073 1063 1132 audientibus
1074 1073 1161 1130 nobis
1244 1112 1245 1141 1

266 1155 357 1240 “Ego
368 1174 433 1241 ipsa
443 1170 533 1227 sum’'
546 1173 647 1241 inquit
658 1155 732 1226 “hic
746 1168 894 1240 hospita,’'
907 1168 939 1227 id
950 1175 1053 1226 autem
1065 1188 1103 1226 ex
1114 1188 1161 1237 ec,
1244 1160 1245 1205 i

264 1273 300 1322 ut
324 1269 440 1336 opinor,
463 1265 545 1336 quod
567 1273 773 1323 antecesserat
795 1265 920 1336 Statius,
943 1273 978 1322 ut
999 1263 1161 1336 prandium

264 1360 350 1418 nobis
365 1361 491 1418 videret.
516 1360 594 1421 Tum
605 1359 738 1432 Quintus
750 1347 770 1373 “
779 1360 850 1418 En”
863 1364 963 1432 inquit
973 1359 1048 1417 mihi
1060 1346 1161 1417 “haec

265 1475 323 1527 ego
331 1460 430 1528 patior
438 1455 580 1514 cotidie.’'
598 1442 1159 1529 Dices:“Quid,quaeso,istucerat?”

266 1551 432 1622 Magnum
447 1556 550 1623 itaque
565 1572 614 1610 me
625 1556 725 1625 ipsum
737 1560 958 1621 commoverat3
973 1555 1015 1609 sic
1029 1552 1160 1611 absurde

264 1655 298 1704 et
311 1667 417 1719 aspere
431 1649 530 1706 verbis
549 1648 696 1719 vultuque
715 1648 921 1720 responderat.
966 1647 1162 1706 Dissimulavi

263 1742 378 1801 dolens.
417 1743 631 1802 Discubuimus
642 1764 747 1802 omnes
755 1751 877 1816 praeter
887 1744 980 1815 iilam,
995 1748 1044 1801 cui
1054 1750 1160 1802 tamen

264 1837 397 1910 Quintus
411 1840 451 1897 de
465 1860 570 1898 mensa
584 1844 674 1898 misit.
720 1839 777 1897 Illa
791 1844 904 1898 reiecit.
950 1838 1032 1911 Quid
1042 1840 1161 1898 multa?

263 1934 340 1991 nihil
354 1955 423 1994 meo
437 1935 530 1994 fratre
544 1937 653 2007 lenius,
662 1936 739 1993 nihil
753 1941 887 2008 asperius
901 1944 954 1994 tua
969 1956 1068 1995 sorore
1083 1937 1161 1995 mihi
1191 1983 1202 2003 .

262 2035 359 2088 visum
374 2040 440 2100 est;
454 2039 487 2090 et
501 2032 598 2090 multa
611 2040 780 2104 praetereo,
795 2053 873 2104 quae
888 2040 954 2090 tum
968 2032 1043 2090 mihi
1053 2036 1162 2091 maiori

262 2127 417 2184 stomacho
428 2148 519 2199 quam
533 2131 590 2200 ipsi
602 2126 718 2200 Quinto
732 2128 864 2187 fuerunt.
891 2130 969 2201 ‘Ego
979 2129 1051 2187 inde
1063 2128 1162 2200 Aqui·

262 2243 344 2281 num.
389 2221 523 2294 Quintus
537 2228 569 2281 in
584 2224 704 2282 Arcano
724 2229 870 2283 remansit
890 2233 923 2283 et
942 2225 1099 2297 Aquinum
1119 2227 1160 2284 ad

261 2338 311 2376 me
326 2319 472 2389 postridie
486 2340 576 2378 mane
591 2324 675 2378 venit
689 2320 824 2392 mihique
839 2325 972 2379 narravit
981 2341 1038 2378 nec
1053 2341 1160 2380 secum

260 2413 344 2471 illam
359 2414 489 2473 dormire
500 2417 629 2474 voluisse
645 2424 686 2488 et,
697 2438 767 2474 cum
781 2416 948 2476 discessura
962 2425 1053 2489 esset,
1064 2418 1161 2479 fuisse
1244 2468 1245 2495 .

261 2513 325 2567 eius
339 2509 432 2581 modi,
446 2510 567 2581 qualem
582 2531 639 2583 ego
654 2512 803 2571 vidissem.
848 2511 931 2584 Quid
945 2515 1086 2585 quaeris?
1108 2516 1160 2574 vel

260 2608 317 2676 ipsi
332 2605 389 2663 hoc
404 2606 485 2665 dicas
500 2606 583 2678 licet,
598 2608 820 2666 humanitatem
835 2613 864 2667 ei
883 2629 952 2667 meo
973 2610 1084 2668 iudicio
1104 2611 1161 2670 illo

192 2734 195 2747 ›
259 2700 310 2758 die
325 2699 466 2760 defuisse.

302 2797 390 2855 Haec
404 2797 444 2855 ad
457 2805 490 2856 te
504 2802 609 2871 scripsi
623 2799 750 2858 fortasse
764 2801 910 2873 pluribus,
925 2822 1015 2873 quam
1029 2823 1159 2864 necesse

259 2891 327 2962 fuit,
337 2899 372 2950 ut
385 2893 504 2952 videres
518 2901 586 2952 tuas
600 2915 720 2967 quoque
735 2916 801 2954 esse
815 2905 917 2969 partes
931 2900 1113 2957 instituendi
1125 2909 1161 2959 et

258 2993 411 3051 monendi.
458 2994 619 3067 Reliquum
638 3003 695 3067 est,
710 3004 754 3067 ut,
774 3005 938 3069 antequam
957 2998 1160 3072 proficiscare,

257 3089 401 3147 mandata
410 3091 700 3185 nostrafexhauriaS,
709 3093 819 3151 scribas
829 3093 869 3152 ad
883 3114 933 3153 me
944 3100 1055 3166 omnia,
1066 3095 1158 3155 Pom-

343 3216 401 3270 338
