2480 3862
57 1884 113 1928 Iliad
121 1884 159 1935 vii,
171 1886 197 1927 93

351 289 357 297 “
441 316 610 376 Marcus
632 315 814 376 Turnus
837 316 987 376 cronno

266 443 387 510 utrique
398 439 567 497 adscribito.
614 438 799 496 Litterarum
810 438 950 497 datarum
960 438 1026 496 dies
1037 459 1082 511 pr.
1096 439 1164 497 Kal.

267 541 382 598 Ianuar.
400 560 523 598 suavem
536 540 645 620 lrabuit
658 540 899 599 recordationem
918 541 1074 598 clarissimi
1093 545 1165 598 iuris
1234 604 1235 625 3

265 642 393 713 iurandi,
411 642 493 713 quod
510 663 568 714 ego
585 662 647 700 non
665 663 747 701 eram
765 643 885 701 oblitus
930 643 1063 714 Magnus
1082 647 1165 701 enim
1234 662 1235 665 ¹

264 752 473 816 praetextatus
487 742 539 803 illo
554 745 604 803 die
619 744 671 802 fui.
717 745 823 803 Habes
837 745 876 803 ad
890 749 999 803 omnia.
1038 745 1110 803 Non
1130 752 1166 802 ut

264 846 434 918 postulasti,
458 845 566 918 χρύσεα
599 845 753 918 χαλκείων,
775 846 830 905 sed
859 851 942 919 paria
968 847 1097 919 paribus
1117 867 1164 905 re·

265 948 448 1020 spondimus.

308 1044 387 1103 Ecce
404 1053 508 1102 autem
527 1045 585 1102 alia
605 1045 714 1116 pusilla
733 1045 873 1116 epistula,
888 1065 979 1117 quam
994 1065 1056 1102 non
1071 1045 1166 1103 relin-

266 1161 356 1212 quam
374 1139 616 1211 ἀναντιφώνητον.
663 1140 747 1199 Bene
767 1140 942 1199 mehercule
962 1145 1065 1213 potuit
1085 1140 1166 1200 Luc·

267 1241 348 1295 ceius
371 1237 584 1308 Tusculanum,
606 1241 664 1294 nisi
686 1237 764 1295 forte
787 1224 879 1305 (solet
900 1224 996 1306 enirn)
1019 1257 1089 1295 cum
1112 1257 1166 1296 suo

266 1333 399 1390 tibicine.
445 1332 486 1390 Et
500 1333 592 1391 velim
605 1337 691 1404 scire,
703 1337 760 1405 qui
770 1337 810 1391 sit
821 1337 885 1391 eius
897 1340 1002 1391 status.
1048 1333 1165 1391 Lentu-

266 1429 330 1485 lum
345 1427 469 1500 quidem
484 1436 620 1487 nostrum
635 1433 736 1487 omnia
746 1436 869 1500 praeter
879 1429 1085 1487 Tusculanum
1096 1449 1165 1501 pro·

267 1528 419 1594 scripsisse
440 1524 537 1582 audio.
582 1524 677 1596 Cupio
697 1524 752 1582 hos
772 1524 930 1596 expeditos
945 1524 1165 1598 videre,cupio

268 1623 361 1676 etiam
384 1619 526 1691 Sestium,
548 1620 627 1678 adde
650 1625 688 1678 sis
711 1621 862 1689 Caelium;
883 1625 916 1677 in
937 1621 1046 1692 quibus
1068 1626 1165 1678 omni-

268 1716 323 1772 bus
339 1722 385 1773 est

353 1866 493 1926 Αἴδεσθεν
507 1865 558 1938 μὲν
572 1866 743 1940 ἀνήνασθαι,
762 1868 859 1927 δεῖσαν
874 1869 896 1926 δ’
914 1866 1080 1940 ὑποδέχθαι.

269 2015 317 2072 De
333 2017 481 2074 Memmio
496 2015 686 2072 restituendo
700 2022 735 2071 ut
750 2014 840 2072 Curio
854 2020 980 2086 cogitet,
995 2023 1027 2074 te
1044 2015 1166 2076 audisse

268 2119 351 2183 puto.
406 2112 454 2170 De
480 2112 592 2182 Egnati
618 2110 744 2169 Sidicini
769 2115 891 2168 nomine
917 2131 974 2168 nec
998 2110 1083 2169 nulla
1109 2133 1168 2171 nec

268 2228 379 2278 magna
399 2228 452 2279 spe
472 2226 582 2266 sumus
628 2205 790 2277 Pinarium,
805 2226 897 2277 quem
916 2207 991 2264 mihi
1010 2226 1168 2267 commen-

269 2304 332 2375 daS,
347 2304 578 2374 diligentissime
597 2301 759 2360 Deiotarus
777 2310 862 2360 curat
878 2307 1011 2373 graviter
1027 2322 1166 2375 aegrum.

271 2399 424 2470 Respondi
439 2403 531 2457 etiam
546 2402 662 2455 minori.

310 2493 356 2552 Tu
371 2495 472 2565 velim,
484 2494 558 2552 dum
569 2513 620 2551 ero
632 2493 810 2565 laodiceae,
822 2494 854 2552 id
865 2494 962 2552 estad
974 2494 1046 2553 Idus
1059 2496 1167 2568 Maias,

269 2611 360 2662 quam
381 2594 554 2662 saepissime
575 2604 696 2647 mecum
717 2609 773 2661 per
793 2590 911 2649 litteras
932 2590 1117 2664 colloquare,
1136 2601 1168 2651 et

269 2707 338 2744 cum
360 2686 499 2744 Athenas
521 2690 639 2744 veneris
661 2673 735 2755 (iam
758 2690 840 2744 enim
863 2691 991 2744 sciemus
1013 2686 1053 2745 de
1075 2690 1168 2747 rebus
1234 2734 1235 2775 ἢ

269 2784 400 2853 urbanis
415 2782 454 2840 de
469 2786 639 2853 provinciis
654 2800 732 2853 quae
752 2787 853 2840 omnia
873 2786 905 2839 in
924 2802 1063 2840 mensem
1084 2785 1167 2842 Mar-

269 2883 347 2936 tium
367 2886 439 2936 sunt
456 2865 599 2948 conlata),
614 2882 720 2948 utique
737 2877 777 2935 ad
791 2898 843 2936 me
861 2878 1033 2937 tabellarios
1050 2883 1167 2939 mittas.

271 2974 312 3032 Et
321 2975 398 3032 heus
409 2976 458 3031 tu!
474 2979 574 3031 iamne
584 2993 635 3031 vos
647 2994 664 3029 a
675 2973 801 3031 Caesare
812 2993 868 3047 per
875 2973 1038 3043 Herodem
1049 2974 1170 3034 talenta

270 3071 374 3152 Attica
386 3086 402 3127 ι
414 3066 599 3127 extorsistis?
621 3074 733 3141 inquo,
745 3068 894 3140 utaudio,
902 3088 1045 3141 magnum
1061 3070 1168 3130 odium

271 3164 396 3238 Pompei
418 3170 598 3238 suscepistis.
645 3163 737 3223 Putat
758 3155 840 3243 enim
861 3185 929 3224 suos
949 3185 1090 3224 nummos
1113 3187 1168 3227 vos

353 3280 412 3333 438
