2484 3854
43 1237 101 1295 Ser.
116 1236 224 1294 Romae

45 1321 88 1377 Id.
102 1319 190 1377 Mart.
205 1340 230 1376 a.

44 1405 105 1473 694

427 270 597 342 MARCUS
618 281 801 341 TULLIUS
822 281 972 342 CICERO

252 404 407 476 fugienda,
419 425 479 476 quo
492 413 525 463 te
540 425 623 475 voco,
634 413 738 462 tamen
750 404 797 463 fac
812 412 848 462 ut
861 424 995 463 amorem
1009 414 1149 465 nostrum

252 492 331 546 tanti
352 493 503 559 aestimes,
523 497 558 546 ut
580 508 616 546 eo
638 488 686 546 vel
708 509 777 545 cum
798 488 845 546 his
866 488 1012 546 molestiis
1033 489 1149 560 perfrui

252 571 334 629 v'elis.
380 571 469 641 Nam,
484 591 524 629 ne
541 572 649 629 absens
665 591 817 642 censeare,
832 573 943 629 curabo
964 572 1148 630 edicendum
1232 642 1233 645 Ἴ

253 662 286 712 et
301 655 531 726 proponendum
549 655 622 712 locis
642 655 796 723 omnibus;
818 656 874 712 sub
894 654 1024 713 lustrum
1042 662 1147 713 autem

253 742 370 795 censeri
388 742 525 808 germani
539 742 735 808 negotiatoris
750 745 805 795 est
850 736 952 810 Quare
970 758 1049 807 cura,
1065 746 1100 796 ut
1114 746 1148 797 te

253 841 343 892 quam
357 825 488 892 primum
502 820 664 879 videamus.
703 821 785 878 Vale.

295 904 407 961 x1Kal.
425 904 511 961 Febr.
553 904 590 976 Q.
609 904 747 974 Metello,
763 904 796 961 L.
814 903 940 961 Afranio
955 924 1027 961 coss.

665 1076 741 1134 XIX

553 1179 657 1218 crcuao
673 1179 778 1218 arrrco
793 1179 850 1217 sat.

296 1245 366 1303 Non
380 1245 471 1302 modo
486 1249 511 1302 si
529 1244 605 1301 mihi
623 1252 745 1302 tantum
759 1252 841 1302 esset
859 1249 923 1315 otii,
939 1253 1086 1315 quantum
1101 1251 1150 1302 est

254 1329 320 1399 tibi,
332 1348 437 1386 verum
452 1332 544 1386 etiam
559 1332 583 1385 si
597 1336 661 1385 tam
675 1329 782 1385 breves
796 1328 940 1399 epistulas
954 1327 1064 1385 vellem
1078 1331 1149 1385 mit-

255 1420 331 1482 tere,
347 1431 437 1482 quam
458 1419 493 1469 tu
515 1411 602 1481 soles,
617 1410 706 1468 facile
725 1420 758 1469 te
776 1430 949 1482 superarem
970 1419 1004 1469 et
1024 1415 1056 1468 in
1077 1416 1149 1468 scri-

255 1495 357 1552 bendo
371 1494 468 1552 multo
483 1514 580 1551 essem
594 1495 725 1551 crebrior
739 1514 829 1565 quam
844 1503 886 1552 tu.
932 1495 993 1553 Sed
1010 1495 1050 1552 ad
1069 1514 1149 1552 sum-

255 1598 319 1635 mas
343 1586 435 1648 atque
461 1577 653 1635 incredibiles
678 1582 890 1649 occupationes
914 1598 997 1636 meas
1021 1579 1150 1649 accedit,

256 1661 337 1732 quod
351 1660 465 1718 nullam
480 1681 497 1717 a
514 1680 564 1718 me
578 1649 663 1718 volol
679 1661 839 1732 epistulam
860 1661 899 1718 ad
917 1668 954 1719 te
975 1666 1041 1719 sine
1062 1682 1151 1733 argu·

256 1752 362 1802 mento
381 1765 416 1801 ac
435 1748 588 1802 sententia
609 1740 776 1816 pervenire.
821 1744 862 1802 Et
882 1749 1013 1815 primum
1034 1747 1100 1816 tibi,
1116 1753 1152 1803 ut

256 1848 387 1899 aequum
412 1836 459 1885 est
484 1832 541 1884 civi
566 1831 680 1884 amanti
704 1831 842 1899 patriam,
868 1848 945 1898 quae
971 1832 1032 1885 sint
1060 1833 1092 1885 in
1118 1849 1151 1886 re
1233 1884 1234 1903 ἶ

257 1912 386 1983 publica,
402 1930 566 1983 exponam3
588 1911 710 1981 deinde,
733 1915 874 1982 quoniam
895 1912 952 1969 tibi
973 1931 1074 1969 amore
1096 1933 1150 1970 nos

257 1999 385 2066 proximi
408 2014 519 2065 sumuS,
535 1995 699 2052 scribemus
722 1999 814 2052 etiam
837 1995 876 2053 de
900 1995 986 2052 nobis
1009 2015 1054 2065 ea,
1073 2015 1151 2066 quae

257 2082 333 2136 scire
348 2086 380 2135 te
395 2098 457 2135 non
472 2077 553 2135 nolle
567 2078 754 2136 arbitramur.

300 2162 402 2232 Atque
417 2166 449 2218 in
463 2181 496 2219 re
511 2161 631 2233 publica
648 2181 729 2218 nunc
749 2160 873 2232 quidem
891 2165 1021 2219 maxime
1042 2161 1150 2219 Gallici

257 2245 331 2303 belli
354 2248 490 2302 versatur
514 2253 622 2303 metus
633 2256 645 2287 ι·
667 2244 746 2301 Nam
775 2244 899 2302 Haedui
923 2243 1031 2302 fratres
1055 2250 1151 2303 nostri

257 2348 391 2400 pugnam
413 2348 510 2399 nuper
530 2318 653 2385 malam2
674 2335 858 2399 pugnarunt,
874 2335 906 2385 et
928 2327 1066 2385 Helvetii
1085 2333 1150 2386 sine

258 2410 351 2469 dubio
376 2418 447 2468 sunt
471 2416 503 2467 in
526 2415 615 2468 armis
639 2416 889 2482 excursionesque
912 2415 945 2468 in
967 2414 1150 2482 provinciam

258 2495 381 2552 faciunt.
421 2493 550 2553 Senatus
572 2495 718 2565 decrevit,
733 2503 768 2553 ut
790 2494 927 2552 consules
944 2493 1017 2552 duas
1038 2494 1151 2552 Gallias

258 2577 946 2649 sortirentur,delectushaberetur,vacationes
956 2597 995 2635 ne
1003 2577 1150 2648 valerent,

258 2661 353 2732 legati
367 2681 436 2718 cum
450 2666 630 2720 auctoritate
648 2666 853 2730 mitterentur,
870 2665 921 2732 qui
940 2661 1060 2718 adirent
1079 2661 1150 2719 Gal-

257 2750 316 2807 liae
331 2754 468 2808 civitates
483 2750 651 2821 darentque
666 2771 798 2822 operam,
813 2770 852 2807 ne
868 2770 921 2807 eae
936 2769 968 2807 se
983 2768 1052 2805 cum
1073 2750 1150 2808 Hel·
1214 2794 1217 2805 .

257 2838 345 2891 vetiis
360 2838 588 2904 coniungerent.
635 2833 743 2904 Legati
766 2842 837 2892 sunt
859 2833 897 2905 Q.
915 2832 1059 2890 Metellus
1080 2832 1150 2892 Cre-

257 2921 335 2979 ticus
351 2925 383 2974 et
398 2917 431 2974 L.
445 2917 567 2975 Flaccus
583 2925 625 2988 et,
634 2919 668 2975 τὸ
683 2915 728 2974 ἐπὶ
743 2925 782 2989 τῇ
797 2921 879 2988 φακῇ
892 2915 989 2988 μύρον,
1002 2914 1151 2975 Lentulus

291 3013 296 3041 ¹
307 3016 369 3063 volo
380 3013 493 3062 Baiter:
510 3015 568 3062 solo
581 3013 659 3062 MSS.

289 3077 432 3143 ’pugnant
452 3081 527 3143 pueri
550 3078 592 3140 (or
609 3078 686 3143 puer)
706 3081 806 3127 malam
826 3078 866 3140 (or
885 3079 911 3127 in
934 3078 1007 3127 alam
1024 3093 1054 3126 or
1072 3081 1152 3145 male)

257 3145 336 3194 MSS.
347 3163 357 3194 .·
374 3145 418 3194 the
430 3146 545 3209 reading
554 3146 588 3210 of
598 3145 642 3194 the
653 3146 746 3194 textis
758 3144 819 3193 that
828 3145 862 3208 of
872 3144 946 3193 Boot.

341 3229 379 3281 82
