2494 3854
429 287 599 346 MARCUS
620 286 803 346 TULLIUS
824 286 976 346 CICERO

254 417 360 468 nostro
379 412 489 467 itinere
509 409 591 479 quod
610 392 755 478 statuero,
775 408 815 466 de
834 412 969 479 quinque
988 406 1154 480 praefectis
1237 382 1238 385 Ἴ

255 534 328 606 quid
355 534 515 606 Pompeius
537 533 672 592 facturus
696 538 746 605 sit,
768 554 838 591 cum
861 555 899 591 ex
922 538 987 606 ipso
1009 496 1153 604 cosnoro,

255 656 374 726 faciam,
388 663 424 713 ut
437 659 521 713 scias.
565 656 614 713 De
629 655 731 728 Oppio
745 656 825 714 bene
840 659 961 725 curasti,
971 655 1054 726 quod
1068 658 1098 711 ei
1112 653 1153 711 de

256 777 347 836 bec-c
368 780 542 848 exposuisti,
556 776 659 849 idque,
674 781 816 848 quoniam
835 776 1031 835 Philotimum
1047 764 1167 844 habes,

256 897 368 971 perfice
383 906 416 956 et
430 917 579 971 cognosce
593 903 743 957 rationem
760 907 803 971 et,
818 907 854 957 ut
869 919 958 971 agam
974 897 1113 970 amplius,
1128 900 1154 953 si

257 1039 307 1078 me
321 1039 413 1091 amas,
427 1025 601 1092 priusquam
615 1019 820 1093 proficiscaris
835 1019 927 1078 effice.
972 1018 1086 1089 Magna
1101 1037 1154 1075 me

258 1161 329 1199 cura
342 1142 459 1200 levaris.

302 1262 409 1320 Habes
428 1262 469 1320 ad
490 1266 598 1319 omnia
643 1262 710 1320 Etsi
731 1281 829 1333 paene
851 1265 994 1333 praeterii
1018 1259 1157 1317 chartam

260 1388 317 1445 tibi
336 1386 451 1444 deesse.
497 1386 568 1444 Mea
587 1391 688 1458 captio
707 1395 765 1458 est,
782 1391 807 1444 si
826 1386 950 1458 quidem
970 1390 1034 1443 eius
1053 1388 1158 1456 inopia

260 1513 361 1567 minus
374 1508 471 1565 multa
485 1508 524 1566 ad
538 1528 588 1566 me
599 1510 711 1567 scribis.
755 1509 802 1566 Tu
813 1528 885 1566 vero
895 1507 981 1566 aufer
990 1507 1158 1576 ducentos;

261 1634 320 1688 etsi
343 1650 443 1687 meam
467 1634 500 1686 in
524 1649 561 1687 eo
586 1634 797 1701 parsimoniam
821 1630 910 1688 huius
932 1633 1061 1701 paginae
1084 1648 1158 1685 con-

260 1755 369 1809 tractio
389 1750 547 1821 significat.
591 1750 760 1809 Dumtaxat
780 1770 925 1820 rumores,
946 1750 995 1807 vel
1016 1752 1110 1807 etiam
1132 1753 1159 1806 si

261 1893 320 1945 qua
339 1880 423 1930 certa
443 1871 537 1929 habes
558 1872 598 1930 de
618 1873 755 1943 Caesare,
775 1880 926 1944 exspecto.
972 1870 1104 1928 Litteras
1125 1879 1159 1930 et
1241 1914 1242 1941 ι

261 1995 327 2053 aliis
342 2002 375 2053 et
391 1995 552 2066 Pomptino
569 1993 609 2051 de
626 1995 766 2052 omnibus
777 1995 867 2052 rebus
881 1994 1047 2064 diligenter
1060 1991 1156 2051 dabis.

697 2187 725 2244 V

561 2300 665 2339 cranao
680 2301 785 2340 sr'nco
799 2301 857 2340 ssu.

13 2378 17 2385 ῃ
34 2394 109 2465 'Soa
117 2405 144 2465 V
142 2404 253 2464 masiae
308 2405 400 2463 Plane
422 2403 520 2475 deest,
534 2405 617 2475 quod
635 2405 778 2473 scribam3
800 2424 880 2475 nam,
895 2423 953 2461 nec
972 2403 1054 2475 quod
1073 2425 1158 2463 man·

54 2488 187 2632 ξὲθΜαὶ·
204 2509 230 2545 ‘⁸‘
264 2527 346 2598 dem,
361 2525 459 2583 habeo
473 2513 562 2595 (nihil
575 2530 657 2583 enim
668 2530 913 2597 praetermissum
925 2514 996 2596 est),
1007 2545 1065 2583 nec
1077 2526 1159 2597 quod

264 2668 384 2707 narrem
399 2635 483 2717 (novi
498 2651 580 2704 enim
599 2635 700 2717 nihil),
714 2667 772 2705 nec
791 2648 910 2706 iocandi
928 2648 1011 2704 locus
1032 2655 1095 2716 est3
1117 2651 1160 2704 ita

264 2788 314 2827 me
335 2768 432 2826 multa
453 2767 624 2826 sollicitant.
669 2767 801 2825 Tantum
822 2776 925 2826 tamen
948 2772 1033 2837 scito,
1056 2767 1160 2826 ldibus

266 2894 355 2951 Maiis
374 2911 429 2949 nos
444 2891 576 2950 Venusia
596 2911 686 2949 mane
707 2892 932 2963 proficiscentes
953 2891 1007 2948 has
1029 2892 1158 2950 dedisse.
1240 2902 1242 2941 ῖ

266 3015 312 3074 Εο
330 3022 434 3073 autem
453 3014 504 3072 die
523 3014 614 3072 credo
635 3014 749 3085 aliquid
769 3021 871 3072 actum
892 3018 924 3071 in
939 3022 1061 3072 senatu.
1106 3014 1160 3073 Se-

266 3146 398 3211 quantur
408 3141 502 3208 igitur
515 3156 570 3194 nos
584 3143 655 3194 tuae
669 3135 800 3206 litterae,
812 3137 921 3207 quibus
934 3156 996 3193 non
1010 3136 1161 3195 moderes

351 3241 409 3292 348
