2494 3854
446 326 617 390 MARCUS
638 327 821 389 TULLIUS
843 327 994 388 CICERO

272 449 462 509 Liberalibus
483 452 653 522 cogitabam
674 450 765 519 dare3
790 450 947 508 mandavit
967 452 1051 507 enim
1072 455 1168 521 pater.

273 564 317 622 Ea
327 568 370 622 sic
381 565 555 636 observabo,
567 570 651 638 quasi
663 565 876 623 intercalatum
887 567 1007 622 nonsit.
1054 563 1169 635 Diony-

272 683 333 738 sius
346 679 422 737 mihi
433 679 557 752 quidem
571 685 604 738 in
618 681 768 738 amoribus
783 687 845 747 est;
865 682 952 751 pueri
965 685 1070 735 autem
1084 682 1170 735 aiunt
1236 742 1237 767 3

273 814 343 852 eum
371 794 510 853 furenter
539 799 644 864 irasci3
676 796 732 855 sed
759 795 850 853 homo
878 813 935 852 nec
964 792 1082 851 doctior
1113 813 1170 852 nec

272 913 403 967 sanctior
417 909 481 968 fieri
496 917 598 981 potest
611 929 669 968 nec
683 913 730 967 tui
743 913 865 980 meique
879 911 1037 965 amantior.
1075 906 1171 964 Ther·

272 1042 366 1093 mum,
382 1023 489 1082 Silium
506 1043 577 1082 vere
596 1024 683 1081 audis
701 1024 824 1082 laudari.
869 1021 966 1080 Valde
986 1021 1117 1079 honeste
1139 1041 1171 1079 se

271 1145 392 1208 gerunt.
436 1137 527 1196 Adde
550 1138 592 1195 M.
616 1139 760 1208 Nonium,
780 1125 933 1208 Bibulum,
952 1132 1012 1207 me,
1032 1139 1057 1194 si
1077 1135 1170 1194 voles

274 1251 339 1309 Iam
368 1252 471 1311 Scrofa
495 1253 607 1311 vellem
635 1252 772 1323 haberet,
797 1253 850 1310 ubi
874 1259 992 1323 posset;
1014 1258 1062 1309 est
1088 1253 1172 1309 enim

272 1365 390 1423 lautum
399 1371 564 1437 negotium.
593 1367 694 1425 Ceteri
703 1366 857 1423 infirmant
865 1363 1026 1435 πολίτευμα
1035 1363 1169 1422 Catonis.

274 1477 441 1536 Hortensio
465 1480 547 1551 quod
576 1499 695 1538 causam
723 1500 823 1538 meam
852 1477 1055 1556 commendas,
1082 1477 1173 1536 valde
1236 1504 1237 1509 ¹

271 1599 400 1664 gratum.
439 1594 487 1652 De
499 1594 629 1652 Amiano
640 1599 705 1667 spei
719 1593 796 1651 nihil
810 1601 899 1666 putat
914 1613 980 1652 esse
995 1593 1171 1665 Dionysius

272 1705 398 1766 Terenti
406 1707 525 1767 nullum
533 1712 696 1779 vestigium
704 1708 843 1779 adgnovi
876 1708 1077 1778 Moeragenes
1086 1717 1173 1767 certe

272 1825 370 1892 periit.
410 1822 480 1880 Feci
490 1827 551 1880 iter
561 1843 615 1895 per
627 1827 691 1882 eius
702 1827 932 1894 possessionem,
944 1827 976 1880 in
988 1841 1047 1893 qua
1057 1822 1173 1881 animal

271 1935 422 2007 reliquum
443 1937 562 1996 nullum
583 1946 637 1996 est.
684 1939 772 1997 Haeo
793 1932 855 1996 non
876 1957 981 1995 noram
1002 1943 1080 2007 tum,
1102 1957 1173 1994 cum

272 2049 449 2109 Democrito
463 2059 516 2111 tuo
531 2071 601 2110 cum
614 2053 733 2110 locutus
748 2071 822 2110 sum.
863 2046 991 2109 Rhosica
1001 2070 1071 2108 vasa
1086 2070 1173 2109 man-

271 2163 347 2222 davi.
382 2165 444 2224 Sed
458 2165 535 2224 heus
545 2166 594 2223 tu!
614 2165 687 2237 quid
698 2167 831 2236 cogitas?
849 2169 881 2222 in
892 2164 1021 2223 felicatis
1031 2164 1173 2223 lancibus
1236 2244 1237 2251 ἵ

267 2284 304 2345 ¹et
321 2277 571 2349 splendidissimis
589 2283 726 2337 canistris
745 2277 910 2336 holusculis
929 2297 985 2336 nos
1003 2276 1084 2336 soles
1104 2298 1173 2351 pas-
1236 2256 1237 2277 ³

271 2410 359 2459 cere;
381 2391 454 2462 quid
473 2400 506 2450 te
525 2397 558 2451 in
572 2397 649 2451 vasis
663 2392 805 2451 fictilibus
819 2396 1027 2464 appositurum
1041 2393 1172 2463 putem?

271 2501 363 2575 Κέρας
373 2504 499 2563 Phemio
507 2505 685 2563 mandatum
694 2513 756 2574 est;
767 2509 946 2577 reperietur,
956 2503 1046 2563 modo
1055 2505 1174 2578 aliquid

238 2683 244 2693 ι
271 2617 323 2676 illo
338 2618 466 2689 dignum
480 2628 577 2677 canat.

313 2730 487 2789 Parthicum
501 2731 617 2790 bellum
631 2731 798 2804 impendet.
845 2733 962 2791 Cassius
979 2734 1104 2805 ineptas
1120 2726 1195 2792 lit-⁰
1236 2806 1237 2811 ἵ

270 2845 351 2896 teras
375 2844 467 2913 misit,
491 2841 623 2899 necdum
649 2840 750 2899 Bibuli
773 2830 861 2900 erant
885 2841 1004 2899 allatae.
1051 2841 1173 2914 Quibus

271 2927 405 3006 recitatis
415 2957 490 3021 puto
501 2948 566 3008 fore
578 2948 787 3020 utaliquando
798 2957 1025 3010 commoveatur
1036 2958 1172 3010 senatus

271 3055 423 3128 Equidem
437 3076 504 3115 sum
517 3061 550 3115 in
563 3076 676 3128 magna
688 3061 781 3116 animi
795 3058 1036 3130 perturbatione.
1082 3059 1126 3131 Si,
1138 3069 1175 3119 ut

270 3171 353 3235 opto,
359 3184 421 3221 non
429 3171 608 3237 prorogatur
616 3173 754 3224 nostrum
762 3170 930 3238 negotium,
936 3165 1037 3225 habeo
1047 3166 1175 3226 Iunium

355 3279 416 3331 428
