2498 3850
440 269 611 328 MARCUS
632 268 814 328 TULLIUS
836 268 986 328 CICERO

267 397 314 448 tus
325 390 508 462 consultum,
516 398 552 448 ut
563 391 696 461 Vettius,
704 389 786 462 quod
797 389 952 449 confessus
960 397 1042 449 esset
1050 409 1083 449 se
1092 410 1164 448 cum

263 486 328 544 telo
342 485 445 557 fuisse,
459 491 492 543 in
506 486 626 544 vincula
640 491 843 556 coniceretur3
857 490 909 557 qui
921 491 1080 558 emisisset,
1091 507 1163 545 eum

264 590 369 640 contra
383 602 448 640 rem
462 582 615 655 publicam
630 602 694 640 esse
713 581 871 640 facturum.
919 582 978 640 Res
995 590 1061 640 erat
1078 586 1111 640 in
1126 603 1163 642 ea

263 680 416 748 opinione,
427 685 463 735 ut
473 685 619 749 putarent
629 676 661 734 id
673 696 738 735 esse
749 685 862 748 actum,
873 685 909 735 ut
919 677 1041 736 Vettius
1052 681 1085 733 in
1096 677 1162 736 foro

262 792 332 830 cum
351 777 484 845 pugione
499 780 532 831 et
551 777 627 830 item
646 776 724 831 servi
744 777 809 830 eius
829 772 1163 844 comprehenderentur

262 888 331 926 cum
345 868 426 939 telis,
441 867 554 926 deinde
568 868 620 926 ille
636 889 668 926 se
684 869 801 927 diceret
815 868 1027 927 indicaturum.
1062 868 1161 940 quue

260 969 305 1022 ita
315 964 431 1022 factum
442 972 533 1035 esset,
544 969 602 1022 nisi
613 965 759 1023 Curiones
769 984 835 1022 rem
845 973 918 1023 ante
929 964 969 1022 ad
981 964 1161 1037 Pompeium

261 1059 451 1118 detulissent.
496 1059 575 1117 Tum
604 1062 727 1118 senatus
755 1059 928 1117 consultum
956 1064 988 1116 in
1017 1064 1162 1118 contione

261 1161 423 1215 recitatum
438 1164 492 1215 est.
532 1155 656 1214 Postero
670 1164 774 1214 autem
785 1156 836 1215 die
848 1157 965 1227 Caesar,
976 1160 1002 1213 is
1013 1161 1066 1226 qui
1077 1156 1161 1230 olim,

260 1259 383 1323 praetor
396 1271 466 1310 cum
483 1259 574 1323 esset,
589 1251 626 1324 Q.
644 1252 786 1309 Catulum
804 1271 842 1309 ex
859 1251 1002 1309 inferiore
1019 1252 1084 1309 loco
1099 1256 1161 1311 ius-

261 1355 342 1405 serat
359 1347 471 1418 dicere,
486 1348 625 1406 Vettium
643 1352 675 1405 in
692 1356 788 1406 rostra
809 1347 952 1420 produxit
974 1368 1105 1419 eumque
1127 1353 1161 1407 in

261 1463 297 1501 eo
311 1443 378 1500 loco
400 1448 568 1515 constituit,
584 1463 644 1515 quo
667 1443 775 1502 Bibulo
793 1444 909 1503 consuli
926 1444 1078 1516 adspirare
1096 1465 1161 1503 non

194 1604 197 1615 Ι
259 1538 375 1597 liceret
421 1539 483 1596 Hic
500 1539 551 1597 ille
570 1544 680 1611 omnia,
698 1558 776 1610 quae
794 1540 890 1598 voluit
911 1540 951 1598 de
972 1559 1005 1598 re
1027 1540 1161 1613 publica,

259 1634 348 1706 dixit,
362 1642 397 1694 et
412 1640 465 1707 qui
482 1635 554 1693 illuc
576 1635 674 1694 factus
695 1640 915 1707 institutusque
936 1640 1079 1708 venisset,
1097 1643 1160 1709 pri-

259 1752 344 1791 mum
365 1732 549 1803 Caepionem
570 1731 610 1790 de
631 1737 768 1791 oratione
789 1752 843 1791 sua
864 1733 997 1804 sustulit,
1012 1752 1104 1804 quem
1125 1739 1160 1792 in

259 1836 367 1886 senatu
384 1832 529 1885 acerrime
551 1832 782 1899 nominarat,ut
804 1835 965 1900 appareret
986 1836 1110 1886 noctem
1124 1838 1160 1889 et

259 1932 439 1982 nocturnam
474 1923 721 1995 deprecationem
756 1928 970 1983 intercessisse.
1024 1924 1159 1998 Deinde,

259 2039 333 2091 quos
348 2023 381 2077 in
393 2027 502 2078 senatu
517 2039 556 2078 ne
571 2024 749 2078 tenuissima
762 2019 887 2090 quidem
902 2024 1069 2092 suspicione
1084 2027 1158 2080 atti-

258 2123 356 2188 gerat,
380 2135 431 2174 eos
453 2120 631 2186 nominavit,
655 2115 689 2174 L
715 2115 887 2187 Lucullum,
909 2136 928 2173 a
950 2136 1010 2187 quo
1032 2116 1159 2177 solitum

258 2231 324 2270 esse
338 2210 377 2268 ad
392 2230 424 2269 se
439 2215 521 2270 mitti
536 2211 567 2270 C.
586 2212 745 2281 Fannium,
756 2211 842 2269 illum
857 2216 909 2282 qui
923 2216 955 2269 in
971 2211 1002 2269 P.
1016 2211 1158 2272 Clodium

231 2320 233 2324 ’
257 2306 483 2377 subscripserat,
496 2305 529 2363 L.
542 2306 722 2377 Domitium,
731 2310 816 2364 cuius
824 2306 949 2364 domum
958 2312 1158 2368 constitutam
1174 2338 1177 2345 ⁴

256 2401 360 2470 fuisse,
377 2401 459 2459 unde
478 2406 597 2473 eruptio
614 2402 709 2460 fieret.
755 2402 808 2460 Me
825 2421 888 2460 non
905 2407 1082 2474 nominavit,
1101 2405 1157 2464 sed

256 2495 335 2555 dixit
364 2496 551 2555 consularem
581 2497 729 2556 disertum
764 2502 896 2556 vicinum
932 2499 1062 2558 consulis
1098 2502 1157 2559 sibi

256 2592 367 2651 dixisse
387 2592 517 2651 Ahalam
535 2593 695 2652 Servilium
712 2595 844 2665 aliquem
861 2602 915 2652 aut
933 2594 1062 2652 Brutum
1079 2617 1156 2668 opus

256 2708 322 2747 esse
345 2693 477 2760 reperiri.
523 2689 653 2747 Addidit
672 2689 712 2747 ad
732 2698 913 2761 extremum,
933 2710 1002 2748 cum
1025 2695 1086 2749 iam
1109 2693 1155 2750 di-

255 2782 346 2836 missa
360 2774 502 2836 coritione
516 2786 673 2837 revocatus
687 2799 705 2835 a
720 2779 841 2836 Vatinio
856 2779 973 2850 fuisset,
987 2799 1019 2837 se
1034 2780 1154 2840 audisse

255 2887 273 2924 a
289 2867 419 2925 Curione
433 2866 480 2925 his
494 2867 534 2925 de
548 2869 638 2925 rebus
653 2872 805 2926 conscium
820 2887 885 2926 esse
898 2867 1048 2940 Pisonem,
1059 2889 1161 2941 gene.

255 2974 322 3012 rum
336 2974 449 3027 meum,
464 2963 497 3013 et
512 2955 554 3012 M.
572 2955 777 3013 Laterensem.
819 2996 824 3008 .
877 2988 882 2993 -

247 3046 277 3085 ³²·
298 3044 388 3101 Nunc
402 3063 472 3101 reus
486 3051 552 3101 erat
566 3042 648 3115 apud
665 3043 804 3101 Crassum
822 3043 958 3102 Divitem
975 3044 1098 3104 Vettius
1112 3045 1153 3105 de

255 3135 285 3188 vi
296 3138 339 3202 et,
350 3152 419 3189 cum
430 3138 511 3190 esset
522 3130 692 3201 damnatus,
704 3137 770 3188 erat
780 3132 925 3190 indicium
936 3132 1151 3203 postulaturus.

341 3220 400 3281 190
