2484 3854
394 234 564 294 MARCUS
586 232 768 311 TULLIUS
790 232 940 291 CICERO

218 357 366 428 adfectus,
391 364 536 428 quantam
561 356 636 413 mihi
664 375 749 413 meus
775 374 858 412 amor
884 374 1017 437 summus
1044 374 1121 426 erga
1153 429 1163 445 ,

218 462 382 524 utrumque
407 460 540 510 vestrum
565 434 684 509 adferre
706 451 822 522 debuit,
849 459 881 508 et
906 451 1119 522 admiratione,

219 549 364 620 quidnam
378 548 545 618 accidisset,
560 546 642 619 quod
662 545 796 604 adferret
811 545 928 618 Quinto
948 546 1033 605 fratri
1047 568 1120 606 meo

219 651 272 702 aut
295 643 492 701 offensionem
519 651 583 701 tam
611 662 735 712 gravem
765 650 818 699 aut
847 647 1119 700 commutationem
1148 666 1151 673 ¹
1176 662 1177 665 ’

196 723 199 729 ’
218 747 336 797 tantam
351 737 522 796 voluntatis
556 738 659 809 Atque
675 737 751 795 illud
766 758 784 794 a
798 757 848 795 me
863 742 923 795 iam
937 746 1009 796 ante
1022 739 1118 796 intel·

219 835 388 905 legebatur,
414 834 496 904 quod
524 842 556 891 te
585 853 705 904 quoque
734 837 832 905 ipsum
861 833 1071 892 discedentem
1100 856 1119 891 a

220 932 306 988 nobis
318 934 459 1001 suspicari
471 929 621 999 videbam,
631 930 753 986 subesse
765 933 867 987 nescio
878 929 952 1000 quid
966 934 1118 1001 opinionis

219 1026 428 1083 incommodae
443 1029 637 1096 sauciumque
658 1045 723 1082 esse
744 1029 808 1082 eius
828 1028 963 1082 animum
982 1033 1015 1082 et
1036 1029 1117 1083 inse·

220 1122 298 1179 disse
332 1121 476 1192 quasdam
512 1121 628 1178 odiosas
661 1124 852 1192 suspiciones,
911 1119 1029 1192 Quibus
1058 1140 1118 1191 ego

114 1238 117 1242 ’
140 1239 141 1242 ’
219 1217 335 1274 mederi
359 1237 428 1274 curn
452 1237 594 1287 cuperem
620 1225 711 1274 antea
735 1236 825 1287 saepe
849 1223 882 1273 et
904 1215 1117 1274 vehementius

220 1316 312 1369 etiarn
327 1320 395 1383 post
413 1316 602 1369 sortitionem
622 1316 802 1383 provinciae,
817 1331 875 1369 nec
889 1319 1011 1369 tantum
1025 1313 1116 1369 intel·

219 1407 359 1477 legebam
383 1411 411 1465 ei
435 1427 500 1465 esse
526 1407 706 1478 offensionis,
728 1415 877 1478 quantum
899 1406 1020 1465 litterae
1043 1415 1115 1466 tuae

219 1502 417 1573 declararant,
433 1523 490 1560 nec
510 1510 632 1560 tanturn
651 1502 854 1574 proficiebam,
868 1510 1016 1573 quantum
1034 1503 1115 1573 vole·

219 1599 296 1655 bam.
343 1598 403 1656 Sed
418 1606 522 1656 tamen
537 1592 594 1656 hoc
609 1618 658 1655 me
673 1603 738 1669 ipse
753 1597 936 1668 consolabar,
952 1598 1033 1669 quod
1053 1619 1115 1656 non

219 1694 405 1765 dubitabam,
417 1698 490 1764 quin
505 1702 537 1751 te
552 1694 604 1751 ille
619 1702 672 1751 aut
687 1694 835 1765 Dyrrachi
849 1702 903 1752 aut
916 1698 949 1751 in
962 1698 1028 1752 istis
1042 1695 1115 1752 locis

219 1793 336 1860 uspiam
350 1793 465 1847 visurus
488 1797 583 1858 esset;
605 1789 686 1861 quod
708 1810 777 1846 cum
798 1777 966 1860 accidisset,
982 1790 1113 1848 confide-

219 1886 289 1941 bam
303 1904 338 1941 ac
352 1884 427 1941 mihi
447 1904 654 1956 persuaseram
674 1885 738 1943 fore
753 1893 789 1942 ut
808 1889 909 1942 omnia
922 1884 1114 1957 placarentur

219 1985 300 2050 inter
322 2000 374 2037 vos
399 2000 461 2037 non
486 1980 576 2038 modo
601 2001 739 2038 sermone
765 2001 800 2037 ac
823 1981 1038 2052 disputatione,
1061 1982 1114 2040 sed

190 2114 194 2121 ·
219 2084 383 2147 conspectu
398 2080 463 2148 ipso
478 2096 701 2148 congressuque
716 2085 823 2134 vestro.
854 2076 932 2134 Nam
948 2085 1061 2148 quanta
1075 2081 1114 2135 sit
1153 2136 1156 2137 ⁷

219 2176 251 2228 in
274 2171 391 2244 Quinto
416 2171 509 2229 fratre
538 2193 607 2230 meo
635 2177 769 2244 comitaS,
795 2181 909 2244 quanta
933 2173 1113 2244 iucunditas,
1146 2219 1148 2225 .

219 2288 309 2338 quam
323 2267 421 2324 mollis
436 2272 553 2325 animus
568 2277 601 2326 et
620 2268 658 2325 ad
678 2268 885 2340 accipiendam
907 2276 939 2325 et
960 2268 998 2326 ad
1020 2268 1112 2340 depo-

218 2363 351 2420 nendam
371 2362 576 2433 offensionem,
591 2363 667 2421 nihil
687 2369 800 2421 attinet
819 2385 869 2420 me
889 2363 927 2420 ad
949 2371 991 2434 te,
1007 2368 1058 2435 qui
1078 2385 1113 2422 ea

218 2463 308 2529 nosti,
334 2459 472 2516 scribere.
517 2459 578 2517 Sed
610 2460 721 2517 accidit
748 2459 1003 2531 perincommode,
1033 2460 1137 2536 quod⁸

219 2575 289 2612 eum
309 2574 456 2625 nusquam
471 2555 580 2612 vidisti.
626 2555 729 2613 Valuit
750 2559 832 2613 enim
853 2555 930 2627 pluS,
946 2555 1026 2626 quod
1048 2563 1112 2613 erat

218 2641 262 2698 illi
291 2662 352 2698 non
381 2641 532 2699 nullorum
560 2643 692 2701 artificiis
721 2644 915 2713 inculcatum,
942 2663 1032 2714 quam
1060 2651 1111 2702 aut

218 2730 347 2787 officium
357 2739 411 2788 aut
422 2732 614 2789 necessitudo
625 2740 678 2789 aut
689 2752 773 2790 amor
784 2741 883 2790 vester
896 2731 947 2789 ille
958 2736 1110 2803 pristinuS,

218 2824 270 2890 qui
284 2819 447 2890 plurimum
459 2820 558 2878 valere
573 2821 688 2879 debuit.
713 2822 816 2893 Atque
831 2821 919 2879 huius
930 2821 1110 2878 incommodi

218 2909 307 2980 culpa
320 2910 372 2965 ubi
392 2909 533 2979 resideat,
548 2910 664 2968 facilius
685 2931 807 2982 possum
829 2914 1000 2968 existimare
1022 2929 1110 2980 quam

217 2998 363 3065 scribere;
386 3018 490 3055 vereor
505 3003 596 3070 enim,
612 3020 661 3069 ne,
677 3000 750 3057 dum
764 2999 929 3058 defendam
943 3018 1036 3070 meos,
1051 3019 1110 3057 non

217 3106 338 3157 parcam
349 3090 416 3144 tuiS.
448 3087 528 3144 Nam
542 3092 583 3144 sic
598 3088 755 3159 intellege,
767 3097 803 3146 ut
817 3087 893 3145 nihil
907 3109 925 3144 a
940 3088 1110 3146 domesticis

256 3180 341 3261 ⁴66
