2484 3854
437 309 607 369 MARCUS
629 308 812 368 TULLIUS
834 308 984 367 CICERO

263 432 400 490 Clodiani
409 433 493 490 filius
518 432 622 504 Atque
634 432 691 490 hoc
702 432 769 490 loco
778 431 854 490 illud
865 452 927 489 non
938 451 1017 502 queo
1025 439 1158 504 praeter-

263 558 316 625 ire,
345 553 436 625 quod,
466 574 535 611 cum
563 553 603 611 de
633 552 838 611 consularibus
871 555 955 610 mea‘
970 557 1067 625 prima
1098 573 1158 611 sors

263 679 384 745 exisset,
396 695 456 732 una
467 695 540 732 voce
557 683 680 732 senatus
694 673 838 745 frequens
853 674 1049 732 retinendum
1062 694 1112 732 me
1126 679 1158 731 in

263 797 337 852 urbe
353 800 478 852 censuit.
525 796 594 852 Hoc
616 795 698 852 idem
719 803 788 866 post
809 814 859 852 me
882 794 1025 866 Pompeio
1039 795 1158 864 accidit,
1214 848 1218 857 .

263 924 298 973 ut
312 936 367 973 nos
382 916 442 973 duo
453 921 538 987 quasi
551 921 678 987 pignora
692 920 736 972 rei
751 915 890 986 publicae
905 920 1031 974 retineri
1042 916 1158 974 videre-

262 1056 337 1094 mur.
346 1012 448 1108 3Quid
477 1042 559 1095 enim
588 1056 645 1106 ego
669 1037 796 1093 aliorum
820 1040 853 1092 in
877 1056 927 1094 me
957 1034 1159 1108 ἔπιφωνήματα

264 1167 449 1230 exspectem,
459 1179 528 1216 cum
542 1158 618 1216 haec
633 1157 714 1216 domi
729 1159 910 1215 nascantur?

307 1280 448 1337 Urbanae
463 1287 567 1337 autem
581 1299 629 1336 res
649 1283 690 1336 sic
706 1298 738 1336 se
758 1277 881 1335 habent.
896 1274 918 1330 ἥ
927 1278 1053 1349 Agraria
1072 1278 1122 1335 lex
1141 1298 1160 1335 a

265 1400 367 1457 Flavio
395 1386 517 1457 tribuno
546 1400 586 1471 pl.
615 1398 813 1457 vehementer
837 1400 1009 1470 agitabatur
1036 1405 1159 1456 auctore

266 1520 424 1592 Pompei03
447 1540 524 1591 quae
547 1520 623 1577 nihil
645 1520 790 1592 populare
812 1519 945 1577 habebat
966 1525 1093 1591 praeter.
1107 1540 1160 1576 au-

265 1648 388 1700 ctorem.
413 1641 458 1698 Ex
473 1641 530 1698 hae
546 1662 603 1713 ego
618 1642 688 1712 lege
700 1641 833 1698 secunda
845 1644 993 1698 contionis
1004 1641 1161 1698 voluntate

264 1767 365 1820 omnia
375 1763 426 1819 illa
437 1763 592 1833 tollebam,
603 1782 681 1833 quae
692 1762 731 1820 ad
741 1766 926 1833 privatorum
936 1761 1162 1819 incommodum

264 1884 469 1955 pertinebant,
484 1883 649 1941 liberabam
663 1903 770 1953 agrum
785 1901 864 1952 eum,
880 1886 932 1952 qui
948 1881 979 1939 P.
997 1882 1109 1952 Mucio,
1125 1882 1159 1939 L.

184 1980 187 1985 ⁴
265 1992 427 2063 Calpurnio
455 1992 627 2050 consulibus
655 1991 794 2062 publicus
822 1990 940 2060 fuisset,
967 1989 1161 2049 Sullanorum

264 2113 422 2171 hominum
443 2117 645 2185 possessiones
664 2105 886 2181 confirmabam,
902 2111 1114 2168 Volaterranos
1130 2119 1164 2168 et

265 2235 433 2305 Arretinos,
462 2254 590 2305 quorum
617 2253 724 2304 agrum
753 2232 836 2291 Sulla
864 2232 1033 2316 publicarat
1060 2251 1163 2303 neque

265 2355 417 2425 diviserat,
454 2360 486 2411 in
523 2375 576 2412 sua
612 2358 800 2426 possessione
837 2354 1023 2420 retinebam3
1069 2370 1164 2409 unam

265 2480 413 2533 rationem
442 2496 504 2533 non
532 2477 703 2545 reiciebam,
733 2483 767 2532 ut
795 2493 869 2545 ager
902 2473 958 2530 hac
992 2473 1165 2530 adventicia

265 2600 394 2668 pecunia
419 2584 581 2667 emeretur,
605 2610 682 2667 quae
708 2616 746 2653 ex
771 2599 856 2652 novis
881 2593 1079 2663 vectigalibus
1108 2613 1165 2665 per

265 2716 507 2783 quinquennium
518 2715 712 2782 reciperetur.
737 2709 820 2766 Huic
836 2712 894 2766 toti
904 2710 1014 2765 rationi
1028 2710 1165 2776 agrariae
1234 2738 1235 2755 ι

266 2835 388 2884 senatus
400 2826 614 2884 adversabatur
625 2827 778 2895 suspicans
795 2822 938 2894 Pompeio
949 2840 1057 2878 novam
1068 2840 1166 2890 quan-

265 2941 336 2999 dam
350 2943 520 3010 potentiam
535 2942 654 3009 quaeri;
670 2937 831 3008 Pompeius
841 2955 912 2993 vero
923 2934 962 2991 ad
973 2933 1167 2991 voluntatem

264 3053 464 3127 perferendae
475 3053 551 3124 legis
562 3052 748 3109 incubuerat.
781 3051 849 3122 Ego
858 3057 961 3107 autem
972 3067 1082 3118 magna
1093 3067 1166 3105 cum

264 3157 448 3244 agrariorum
470 3170 568 3241 gratia
587 3164 799 3237 confirmabam
811 3168 954 3238 omnium
968 3166 1167 3237 ¹privatorum

350 3271 402 3333 84.
