2512 3958
65 2972 124 3031 Ser.
135 2946 243 3034 Romm

60 3058 150 3128 paulo
164 3066 228 3117 anie

65 3140 114 3198 IV
125 3142 163 3200 K.
180 3142 251 3202 Dec.

453 402 623 466 Marcus
644 375 827 467 Turnus
848 406 998 467 cronno

275 527 317 586 ad
340 528 372 586 id
397 536 527 601 tempus,
552 529 635 599 quod
662 530 781 597 scribis;
806 530 916 587 obieris
941 528 1049 602 Quinti
1073 529 1175 588 fratris

277 628 409 694 comitia,
437 644 492 683 nos
522 624 614 695 longo
641 625 801 682 intervallo
828 628 942 696 viseris,
971 625 1174 683 Acutilianam

277 725 510 779 controversiam
524 726 715 792 transegeris.
747 721 816 778 Hoc
830 741 880 778 me
892 725 984 778 etiam
1000 721 1176 780 Peducaeus

278 824 313 873 ut
331 817 371 875 ad
389 823 421 874 te
442 818 604 875 scriberem
621 818 786 876 admonuit.
832 817 975 876 Putamus
996 821 1078 876 enim
1099 817 1176 875 utile

279 932 344 970 esse
362 920 394 970 te
414 913 576 984 aliquando
594 933 661 970 eam
678 934 743 971 rem
766 918 941 984 transigere.
992 913 1064 981 Mea
1080 902 1176 970 inter·
1235 912 1237 923 ’

279 1013 373 1066 cessio
394 1017 498 1080 parata
520 1017 552 1067 et
574 1017 621 1067 est
639 1017 672 1066 et
689 1009 755 1066 fuit.
800 1010 864 1067 Nos
886 1008 936 1066 hic
953 1008 1124 1067 incredibili
1141 1029 1177 1068 ac

278 1105 422 1175 singulari
438 1105 542 1177 popuii
556 1105 714 1163 voluntate
733 1105 773 1163 de
793 1105 824 1163 C.
843 1106 946 1163 Macro
965 1109 1175 1176 transegimus.

279 1200 334 1257 Cui
349 1221 417 1258 cum
431 1206 520 1273 aequi
540 1200 709 1271 fuissemuS,
724 1209 828 1258 tamen
842 1201 939 1259 multo
956 1205 1100 1259 maiorem
1114 1200 1179 1259 fru-

278 1305 362 1354 ctum
377 1318 415 1354 ex
432 1298 536 1369 populi
556 1301 778 1355 existimatione
801 1296 854 1354 illo
875 1297 1018 1355 damnato
1042 1301 1178 1368 cepimus

278 1414 369 1464 quam
383 1413 421 1449 ex
436 1397 538 1464 ipsius
553 1397 578 1449 si
597 1392 751 1450 absolutus
767 1400 856 1463 esset,
871 1396 969 1464 gratia
983 1396 1175 1464 cepissemus.

320 1487 411 1560 Quod
420 1488 459 1545 ad
467 1508 517 1545 me
524 1488 562 1545 de
573 1488 786 1545 Hermathena
791 1490 904 1559 scribis,
911 1487 1046 1560 permihi
1054 1496 1177 1559 gratum

278 1592 333 1643 est.
382 1584 438 1641 Est
460 1592 673 1641 ornamentum
695 1583 878 1642 Academiae
901 1588 1055 1656 proprium
1078 1604 1175 1656 meae,

277 1680 359 1752 quod
390 1686 423 1737 et
457 1680 590 1738 Hermes
618 1700 778 1737 commune
809 1684 945 1738 omnium
973 1688 1006 1739 et
1036 1681 1176 1739 Minerva
1230 1666 1237 1679 ¹

277 1777 428 1859 singulare
444 1784 491 1834 est
505 1780 624 1847 insigne
640 1780 704 1834 eius
718 1780 874 1847 gymnasii.
906 1775 1008 1847 Quare
1022 1775 1124 1847 veiim,
1139 1785 1175 1835 ut

278 1873 390 1943 scribis,
400 1876 509 1930 ceteris
518 1891 638 1943 quoque
647 1873 737 1929 rebus
747 1892 837 1943 quam
846 1871 981 1943 plurimis
993 1892 1063 1930 eum
1074 1872 1175 1930 locum

277 1989 373 2026 ornes
401 1968 488 2040 Quae
499 1967 575 2025 mihi
583 1976 674 2025 antea
683 1972 769 2039 signa
777 1972 894 2039 misisti,
905 1988 941 2025 ea
951 1968 1087 2026 nondum
1096 1969 1174 2038 vidi;

276 2068 309 2121 in
324 2065 482 2122 Formiano
496 2072 577 2134 sunt,
592 2084 652 2134 quo
667 2083 724 2135 ego
738 2084 820 2121 nunc
833 2064 979 2135 proficisci
994 2064 1172 2135 cogitabam.

276 2160 333 2217 illa
352 2163 453 2218 omnia
472 2165 504 2217 in
523 2159 728 2218 Tusculanum
751 2159 925 2231 deportabo.
980 2160 1124 2230 Caietam,
1149 2165 1174 2218 si

276 2257 397 2327 quando
430 2256 584 2315 abundare
619 2275 756 2328 coepero,
786 2257 906 2314 ornabo.
966 2254 1071 2314 Libros
1104 2264 1174 2314 tuos

277 2373 420 2412 conserva
435 2361 467 2411 et
481 2353 543 2410 noli
558 2353 718 2424 desperare
734 2371 785 2409 eos
799 2371 849 2410 me
863 2372 947 2410 meos
962 2351 1061 2410 facere
1075 2372 1171 2423 posse.
1235 2412 1236 2419 χ

278 2448 369 2520 Quod
397 2453 422 2506 si
451 2449 609 2519 adsequor,
638 2467 746 2519 supero
778 2448 916 2506 Crassum
944 2449 1056 2506 divitiis
1081 2455 1174 2519 atque

277 2548 413 2619 omnium
427 2549 507 2602 vicos
522 2552 555 2600 et
568 2551 655 2616 prata
669 2551 839 2602 contemno.

715 2796 743 2851 V

578 2910 683 2949 cronno
698 2910 877 2949 sarmosia.
933 2935 940 2954 .

320 2986 477 3059 Quantum
491 2987 627 3047 dolorem
640 2991 809 3060 acceperim
824 2996 857 3045 et
871 2995 985 3058 quanto
1002 2987 1102 3045 fructu
1118 2991 1174 3046 sim
1233 3020 1234 3025 κ

275 3079 409 3156 privatus
430 3090 463 3141 et
481 3083 593 3142 forensi
616 3092 648 3142 et
669 3084 836 3142 domestico
861 3082 936 3160 Luci
956 3082 1057 3141 fratris
1078 3088 1173 3142 nostri

276 3188 384 3252 morte,
394 3183 424 3236 in
436 3183 539 3244 primis
550 3201 605 3253 pro
615 3187 719 3239 nostra
727 3179 947 3238 consuetudine
956 3185 991 3236 tu
1001 3182 1173 3237 existimare

276 3267 371 3348 potes.
402 3276 482 3334 Nam
492 3276 568 3334 mihi
581 3281 692 3349 omnia,
704 3296 781 3347 quae
791 3274 924 3334 iucunda
935 3294 973 3333 ex
983 3274 1173 3333 humanitate
1233 3340 1234 3349 χ
