2484 3854
428 277 598 337 MARCUS
620 276 801 337 TULLIUS
823 274 973 334 CICERO

215 393 228 411 ⁵
245 409 319 478 ‘quis
333 405 415 477 locis,
430 425 531 476 neque
552 425 607 463 nos
628 413 661 463 te
682 404 819 474 fruimur,
835 411 867 461 et
888 410 923 460 tu
945 402 1031 459 nobis
1053 420 1144 459 cares

253 499 299 559 Ac
314 521 395 559 nunc
413 500 537 572 quidem
554 504 650 558 otium
669 508 726 572 est,
744 499 808 571 sed,
823 502 848 556 si
865 497 955 571 paulo
976 496 1052 585 plus¹
1066 494 1150 553 furor

255 609 402 668 Pulchelli
411 609 553 681 progredi
561 608 767 680 posset‚valde
777 626 834 678 ego
844 615 876 664 te
886 608 1147 664 istimexcitarem.

253 719 366 776 Verum
375 717 528 791 praeclare
537 716 683 775 Metellus
692 715 821 788 impedit
831 722 863 774 et
872 714 1027 786 impediet.
1043 761 1047 765 .
1066 711 1150 784 Quid

253 827 390 896 quaeris?
405 832 452 884 est
463 824 567 883 consul
583 822 758 895 φιλόπατρις
773 831 815 894 et,
827 821 866 881 ut'
876 842 996 894 semper
1010 820 1150 891 iudicavi,

253 941 361 991 natura
385 934 489 990 bonus
536 932 592 991 Ille
617 940 720 991 autem
742 953 804 989 non
827 930 958 1002 simulat,
980 929 1034 988 sed
1058 928 1150 1001 plane

253 1042 392 1099 tribunus
409 1040 448 1113 pl.
469 1041 533 1098 fieri
555 1045 646 1112 cupit.
692 1039 760 1112 Qua
781 1039 821 1097 de
842 1059 875 1097 re
897 1058 966 1096 cum
987 1042 1020 1093 in
1041 1043 1151 1094 senatu

253 1157 405 1220 ageretur,
420 1148 498 1219 fregi
513 1147 667 1206 hominem
683 1156 715 1206 et
726 1151 960 1205 inconstantiam
972 1149 1036 1203 eius
1046 1164 1150 1216 repre-

253 1256 358 1327 hendi,
384 1261 436 1327 qui
458 1256 569 1313 Romae
591 1257 781 1314 tribunatum
803 1255 843 1327 pl.
869 1262 1000 1327 peteret,
1024 1273 1093 1310 cum
1117 1257 1151 1309 in

255 1364 355 1423 Sicilia
363 1364 567 1422 hereditatem
577 1384 609 1422 se
618 1372 724 1436 petere
736 1364 915 1433 dictitasset,
927 1381 1027 1434 neque
1037 1380 1151 1432 magno

187 1496 190 1501 Δ
254 1491 345 1545 opere
361 1471 424 1529 dixi
438 1492 503 1530 esse
517 1474 604 1531 nobis
618 1472 826 1543 laborandum,
841 1471 923 1543 quod
940 1470 1036 1528 nihilo
1053 1474 1151 1540 magis

255 1589 283 1643 ei
307 1584 460 1643 liciturum
486 1593 567 1643 esset
591 1585 711 1657 plebeio
736 1605 800 1642 rem
829 1583 980 1656 publicam
1009 1581 1150 1653 perdere,

254 1714 345 1765 quam
359 1693 504 1752 similibus
516 1698 580 1752 eius
590 1714 640 1751 me
652 1692 774 1753 consule
785 1696 918 1769 patriciis
930 1699 1011 1751 esset
1021 1690 1148 1748 licitum.

255 1802 330 1873 Iam,
348 1823 417 1860 cum
435 1822 467 1861 se
484 1803 537 1861 ille
554 1806 684 1874 septimo
702 1801 752 1859 die
770 1806 888 1861 venisse
905 1821 924 1858 a
941 1800 1029 1870 freto,
1047 1818 1151 1870 neque

254 1911 310 1968 sibi
325 1911 443 1967 obviam
461 1929 643 1981 quemquam
661 1909 781 1980 prodire
798 1912 942 1980 potuisse,
958 1915 991 1965 et
1007 1914 1101 1964 noctu
1116 1924 1150 1965 se
1235 1904 1236 1907 ’

254 2021 393 2075 introisse
411 2016 546 2087 dixisset,
561 2021 594 2074 in
611 2036 708 2088 eoque
726 2037 758 2075 se
780 2020 812 2073 in
834 2020 976 2074 contione
998 2018 1150 2086 iactasset·

254 2125 331 2184 nihil
346 2130 374 2185 ei
388 2130 459 2184 novi
473 2125 535 2183 dixi
549 2125 700 2183 accidisse.
747 2111 765 2137 “
772 2125 819 2183 Ex
837 2125 938 2184 Sicilia
954 2127 1085 2194 septimo
1099 2122 1151 2182 die

256 2234 396 2295 Romam:
410 2241 483 2291 ante
491 2234 588 2291 tribus
598 2231 678 2290 horis
689 2231 783 2290 Roma
795 2231 1009 2291 Interamnam.
1047 2230 1151 2289 Noctu

254 2345 409 2408 introisse;
424 2340 506 2398 idem
521 2348 601 2398 ante.
647 2340 717 2397 Non
732 2348 779 2398 est
793 2344 871 2397 itum
882 2341 1000 2398 obviam
1008 2357 1016 2406 ;
1031 2359 1070 2396 ne
1082 2346 1150 2395 tum

255 2448 389 2521 quidem,
415 2469 484 2506 cum
508 2452 545 2506 iri
569 2453 699 2506 maxime
725 2447 861 2506 debuit.’'
906 2445 987 2519 Quid
1011 2448 1151 2517 quaeris?

255 2561 410 2619 hominem
424 2642 427 2646 ι
434 2561 625 2633 petulantem
649 2561 821 2619 modestum
846 2560 942 2618 reddo
966 2579 1028 2617 non
1053 2558 1152 2618 solum

254 2682 402 2747 perpetua
420 2678 570 2745 gravitate
592 2677 743 2745 orationis,
766 2673 820 2731 sed
842 2677 934 2731 etiam
955 2671 1013 2729 hoc
1034 2691 1150 2742 genere

254 2787 411 2846 dictorum.
459 2787 566 2860 Itaque
581 2792 641 2844 iam
655 2787 843 2845 familiariter
857 2807 927 2846 cum
945 2791 1010 2858 ipso
1027 2786 1151 2844 cavillor

254 2922 289 2961 ac
304 2905 399 2969 iocor;
419 2905 493 2973 quin
508 2906 610 2971 etiam,
626 2921 695 2959 cum
709 2900 904 2959 candidatum
919 2900 1150 2971 deduceremus

254 3019 373 3087 quaerit
387 3035 424 3072 ex
439 3034 499 3086 me,
513 3034 588 3072 num
602 3033 794 3072 consuessem
806 3012 913 3073 Siculis
924 3013 1023 3070 locum
1034 3012 1150 3087 gladia·
1232 3046 1233 3049 =

254 3142 370 3198 toribus
392 3140 472 3198 dare.
517 3140 643 3211 Negavi.
689 3125 757 3196 “At
782 3138 868 3210 ego,'’
895 3141 1005 3210 inquit,
1031 3123 1152 3197 “novus

342 3230 401 3281 104
