2526 3850
461 295 631 355 MARCUS
652 295 835 355 TULLIUS
857 295 1007 354 CICERO

285 421 370 475 cuius
391 417 474 477 modi
495 417 581 476 solet.
626 417 690 475 Nos
710 418 837 475 verbum
859 417 978 480 nullum
985 435 993 484 ;
1017 420 1115 479 verita
1136 425 1185 477 est
1249 492 1250 495 Ἴ

286 528 368 581 enim
388 524 507 601 pusilla,
527 531 605 596 quae
626 545 708 582 nunc
728 524 855 594 laborat,
877 543 917 581 ne
938 528 1072 581 animum
1095 523 1184 582 Publi
1249 512 1250 531 ¹

286 629 480 689 offenderem.
534 633 593 690 His
618 632 708 690 rebus
733 636 808 689 actis
835 631 956 689 Reatini
984 651 1034 688 me
1063 631 1102 688 ad
1131 651 1184 690 sua

287 735 386 811 Τέμπη
395 722 564 811 duxerunt,
579 747 614 798 ut
630 759 754 811 agerem
773 759 894 798 causam
911 746 1017 796 contra
1034 737 1181 797 Interam·

287 852 374 903 nates
393 846 474 918 apud
493 847 649 905 consulem
670 854 704 904 et
724 846 832 905 decem
853 846 980 917 legatos,
998 844 1081 917 quod
1100 844 1182 902 lacus

254 961 256 965 '
287 952 414 1010 Velinus
433 974 451 1010 a
471 954 523 1011 Μ’.
541 954 630 1012 Curio
645 959 771 1012 emissus
788 957 931 1012 interciso
947 959 1053 1010 monte
1070 956 1102 1009 in
1120 952 1184 1010 Nar

286 1059 408 1129 defluit3
430 1081 468 1119 ex
479 1081 539 1132 quo
550 1069 598 1120 est
608 1061 660 1119 illa
671 1066 782 1119 siccata
793 1068 825 1119 et
835 1061 938 1119 umida
949 1067 1053 1117 tamen
1064 1059 1183 1118 modice
1249 1080 1250 1131 ᾗ

290 1167 385 1226 Rosia
431 1169 499 1226 Vixi
519 1189 589 1227 cum
610 1169 704 1238 Axi03
734 1169 900 1240 qui‘etiam
921 1187 971 1225 me
992 1166 1031 1224 ad
1056 1167 1184 1238 Septem

285 1293 378 1346 aquas
392 1275 487 1333 duxit.
518 1305 520 1309 .

333 1395 420 1454 Redii
438 1385 563 1453 Romam
581 1395 690 1454 Fontei
707 1416 795 1454 causa
811 1416 837 1453 a
857 1395 885 1454 d.
905 1413 945 1453 vu
964 1393 1038 1453 Idus
1057 1392 1182 1465 Quinct.
1249 1394 1250 1415 l

289 1503 368 1560 Veni
384 1511 556 1574 spectatum
572 1507 703 1575 primum
719 1524 831 1574 magno
841 1506 882 1571 et
898 1500 1049 1573 aequabili
1065 1500 1182 1572 plausu.

288 1609 350 1669 Sed
371 1610 429 1668 hoc
450 1630 490 1669 ne
512 1614 631 1668 curaris.
684 1609 751 1681 Ego
765 1615 904 1682 ineptus,
926 1612 978 1680 qui
1003 1612 1182 1680 scripserim.

230 1740 235 1757 ι
288 1715 410 1776 Deinde
439 1717 624 1789 Antiphonti
652 1736 782 1788 operam.
839 1716 868 1774 Is
897 1724 963 1773 erat
991 1722 1063 1773 ante
1091 1734 1185 1772 manu
1249 1754 1250 1797 l

287 1828 395 1882 missus
417 1844 508 1896 quam
531 1824 703 1899 productus,
748 1824 796 1881 Ne
819 1824 933 1881 diutius
954 1822 1099 1894 pendeas,
1121 1821 1185 1895 pal·

212 1972 214 1976 -
288 1950 369 1987 mam
391 1931 478 1999 tulit;
501 1931 555 1989 sed
576 1930 653 1988 nihil
674 1938 739 1988 tam
759 1930 913 2002 pusillum,
934 1929 1012 1988 nihil
1033 1937 1098 1987 tam
1119 1935 1186 1988 sine
1249 2000 1250 2013 χ

288 2051 371 2102 voce,
386 2031 463 2089 nihil
477 2040 541 2090 tam
563 2077 569 2090 .
594 2077 600 2089 .
624 2077 631 2089 .
655 2032 769 2090 Verum
788 2032 864 2090 haec
883 2039 918 2089 tu
938 2039 1042 2089 tecum
1060 2031 1184 2090 habeto.

290 2131 326 2190 In
340 2133 555 2192 Andromacha
568 2141 673 2191 tamen
687 2138 782 2190 maior
795 2133 854 2190 fuit
869 2153 959 2204 quam
974 2133 1141 2205 Astyanax,
1153 2138 1186 2190 in

289 2240 398 2319 ceteris
422 2254 526 2306 parem
549 2235 657 2293 habuit
681 2239 845 2293 neminem.
890 2232 1018 2306 Quaeris
1039 2255 1123 2295 nunc
1146 2234 1187 2293 de
1249 2232 1250 2249 ¹

289 2336 465 2394 Arbuscula.
510 2336 607 2394 Valde
621 2336 743 2408 placuit.
789 2336 869 2395 Ludi
882 2337 1035 2408 magnifici
1047 2345 1081 2396 et
1091 2317 1187 2408 grath

288 2441 410 2494 venatio
424 2441 456 2493 in
469 2437 553 2495 aliud
566 2444 688 2510 tempus
702 2438 803 2497 dilata.
827 2482 830 2487 »

331 2549 465 2622 Sequere
488 2572 570 2610 nunc
592 2573 642 2610 me
665 2557 698 2610 in
723 2572 870 2624 campum.
915 2551 1015 2609 Ardet
1039 2552 1189 2623 ambitus3

79 2668 255 2715 iliadxxnmzo
288 2650 368 2725 ἑνῆμα
381 2650 411 2715 δέ
425 2677 470 2712 τοι
486 2651 558 2724 ἐρέω.
605 2655 723 2712 Faenus
738 2674 776 2711 ex
789 2658 903 2711 triente
921 2652 1025 2711 Idibus
1045 2652 1189 2724 Quincti-

288 2753 367 2813 libus
386 2753 502 2813 factum
524 2763 590 2812 erat
610 2755 755 2813 bessibus.
801 2755 908 2812 Dices:
930 2740 1040 2812 “Istuc
1062 2755 1190 2826 quidem

289 2875 351 2912 non
361 2856 490 2914 moleste
501 2855 595 2913 fero.’'
640 2856 794 2915 Ovirum!
817 2876 836 2913 o
849 2856 962 2913 civem!
1005 2855 1191 2914 Memmium

290 2956 423 3014 Caesaris
437 2976 542 3014 omnes
557 2977 630 3028 opes
645 2956 831 3014 confirmant.
877 2956 953 3015 Cum
964 2975 1001 3014 eo
1016 2956 1191 3015 Domitium

289 3058 427 3116 consules
444 3062 619 3130 iunxerunt,
634 3079 693 3131 qua
713 3062 864 3130 pactione,
879 3057 1028 3130 epistulae
1048 3063 1190 3116 commit-

289 3167 355 3216 tere
372 3178 435 3215 non
452 3150 558 3231 audeo.
604 3158 765 3231 Pompeius
782 3158 895 3229 fremit,
913 3163 1060 3229 queritur,
1075 3158 1191 3217 Scauro

374 3271 433 3336 308
