2494 3854
437 279 810 339 MARCUS'TULLIUS
832 276 983 338 CICERO

262 389 332 450 Non
348 388 407 446 dici
422 396 533 460 potest,
548 409 640 459 quam
654 388 778 460 flagrem
793 388 944 446 desiderio
960 389 1051 481 urbis,
1067 408 1159 458 quam

261 506 311 558 vix
326 502 433 560 harum
448 522 548 560 rerum
563 502 766 565 insulsitatem
781 501 884 560 feram.

228 666 230 669 .
303 617 466 675 Marcellus
487 617 576 675 foede
596 621 627 674 in
649 617 796 675 Comensi.
842 617 909 674 Etsi
929 616 980 674 ille
1000 621 1157 688 magistra-

261 739 328 789 tum
352 752 426 794 non,
439 739 586 804 gesserat,
604 739 670 790 erat
695 740 799 790 tamen
824 731 1064 803 Transpadanus.
1103 727 1157 788 'Ita

261 845 336 902 mihi
347 846 469 904 videtur
479 853 541 903 non
552 851 652 904 minus
663 845 811 903 stomachi
821 853 925 903 nostro
936 865 1028 917 quam
1039 846 1157 903 Caesari

261 952 378 1017 fecisse.
424 960 486 1019 Sed
499 960 558 1037 hoc
572 965 637 1033 ipse
654 960 773 1037 viderit.
820 948 980 1038 Pompeius
995 959 1070 1018 mihi
1084 979 1156 1030 quo.-

261 1093 320 1145 que
350 1074 519 1145 videbatur,
549 1074 631 1145 quod
659 1075 763 1132 scribis
794 1075 960 1132 Varronem
988 1073 1100 1143 dicere,
1124 1077 1156 1129 in

263 1187 443 1258 Hispaniam
458 1194 542 1246 certe
557 1191 662 1246 iturus.
709 1187 746 1245 ld
761 1207 819 1259 ego
833 1191 958 1245 minime
978 1187 1157 1258 probabam

261 1306 313 1373 qui
327 1301 452 1371 quidem
467 1301 648 1373 Theophani
662 1300 752 1359 facile
768 1306 902 1373 persuasi
916 1300 993 1358 nihil
1013 1321 1079 1359 esse
1093 1319 1157 1363 me·
1237 1350 1238 1387 3

260 1414 318 1472 lius
333 1435 424 1485 quam
438 1415 531 1472 illum·
541 1426 690 1486 nusquam
710 1416 876 1474 discedere.
923 1416 1004 1486 Ergo
1025 1414 1158 1472 Graecus

262 1529 427 1587 incumbet.
473 1529 564 1587 Valet
583 1537 686 1588 autem
706 1528 868 1587 auctoritas
889 1533 954 1588 eius
973 1529 1054 1600 apud
1070 1528 1158 1585 illum

261 1643 432 1714 plurimum.
749 1627 752 1632 Ι

304 1756 373 1827 Ego
385 1756 442 1814 has
453 1777 496 1827 pr
514 1757 616 1814 Nonas
631 1756 804 1827 Quinctiles
818 1756 1010 1829 proficiscens
1025 1755 1158 1815 Athenis
1237 1818 1238 1823 χ

261 1870 344 1939 dedi,
364 1890 434 1927 cum
458 1871 500 1927 ibi
525 1870 664 1928 decem'
657 1891 735 1942 ipsos
760 1870 884 1956 fuissem
906 1861 979 1929 dies.
1023 1871 1160 1928 Venerat

263 1984 457 2054 Pomptinus,
485 2004 545 2041 una
583 1985 635 2042 Cn.
670 1985 826 2053 Volusius;
861 1984 968 2043 aderat
1000 1993 1160 2055 quaestor3
1235 1920 1238 2071 4

262 2105 331 2155 tuus
361 2118 439 2156 unus
469 2098 586 2156 Tullius
616 2100 729 2156 aberat.
782 2099 938 2170 Aphracta
972 2098 1160 2157 Rhodiorum

262 2220 295 2270 et
330 2212 446 2270 dicrota
482 2212 739 2284 Mytilenaeorum
778 2214 929 2271 habebam
972 2220 1004 2270 et
1042 2212 1160 2283 aliquid
1237 2260 1238 2273 .

263 2324 417 2384 ἔπικώπων.
462 2327 510 2384 De
528 2327 646 2384 Parthis
665 2334 731 2384 erat
748 2327 911 2385 silentium.
958 2325 1048 2398 Quod
1068 2347 1160 2400 supe·
1236 2278 1238 2395 4

261 2446 334 2509 rest,
349 2440 381 2498 di
396 2440 515 2497 iuvent!

304 2554 368 2612 Nos
382 2554 481 2612 adhuc
496 2558 556 2612 iter
569 2575 624 2625 per
641 2555 799 2612 Graeciam
814 2574 932 2612 summa
946 2573 1015 2612 cum
1029 2554 1160 2612 admira·
1237 2560 1238 2563 ’

262 2671 345 2726 tione
355 2667 493 2740 fecimus,
499 2689 557 2727 nec
566 2668 742 2727 mehercule
752 2667 860 2739 habeo,
867 2667 949 2739 quod
957 2667 1057 2726 adhuc
1067 2688 1161 2740 quem

261 2803 401 2841 accusem
412 2804 556 2842 meorum.
595 2783 747 2841 Videntur
758 2783 833 2840 mihi
844 2802 932 2840 nosse
943 2789 1078 2845 nostram
1089 2802 1161 2840 cau·

201 2894 203 2898 ⁴
248 2877 327 2951 ¹sam
341 2899 374 2949 et
388 2892 598 2954 condicionem
612 2891 808 2963 profectionis
820 2910 907 2960 suae3
921 2890 1012 2962 plane
1024 2893 1162 2953 serviunt
1237 2930 1238 2997 4

263 3002 479 3058 existimationi
498 3021 593 3058 meae.
638 2999 729 3070 Quod
750 3006 898 3071 superest,
914 3002 938 3056 si
958 3018 1064 3057 verum
1083 2997 1162 3055 illud
1193 3027 1202 3044 ι

262 3117 310 3167 est
339 3110 437 3180 οἵαπερ
465 3108 483 3181 ἡ
513 3107 654 3179 δέσποινα,
683 3116 767 3166 certe
796 3107 1028 3179 permanebunt.
1074 3105 1161 3163 Nihil

347 3224 407 3286 362
498 3236 500 3239 ’
