2498 3850
447 289 618 358 MARCUS
639 295 821 358 TULLIUS
843 283 994 355 CICERO

273 441 430 493 exsequar,
444 429 480 479 ut
493 441 544 478 me
558 439 655 491 aeque
670 420 728 476 tibi
742 438 777 475 ac
791 417 878 476 fratri
893 425 925 476 et
940 418 1043 475 liberis
1058 421 1165 475 nostris

272 552 449 607 restitutum
468 555 565 619 putes.
612 546 644 605 Si
665 545 739 617 quid
761 549 793 602 in
815 553 847 603 te
870 549 993 617 peceavi
1013 564 1048 602 ac
1070 549 1167 616 potius

273 678 415 746 quoniam
430 677 561 745 peccavi,
576 676 759 744 ignosce3in
773 691 823 729 me
839 675 921 728 enim
935 676 1034 743 ipsum
1048 676 1168 744 peccavi

274 800 494 858 vehementius.
533 799 642 869 Neque
657 797 733 855 haec
748 817 784 855 eo
796 798 903 869 scribe,
914 818 975 869 quo
985 806 1018 856 te
1029 818 1091 855 non
1102 818 1169 856 meo
1184 807 1188 812 ’

275 946 344 984 casu
358 907 490 983 maximo
512 924 615 982 dolore
638 943 704 981 esse
726 922 882 981 adfectum
904 908 1006 995 sciam,
1028 923 1083 981 sed
1103 944 1169 995 pro-

274 1051 367 1122 fectu,
382 1055 417 1122 si,
432 1057 581 1122 quantum
594 1069 644 1106 me
659 1068 741 1106 amas
756 1056 789 1106 et
802 1053 920 1120 amasti,
934 1057 1055 1117 tantum
1072 1069 1171 1107 amare

276 1177 404 1235 deberes
419 1197 454 1233 ac
469 1176 634 1245 debuisses
649 1193 815 1245 numquam
828 1194 909 1232 esses
924 1194 1027 1247 passus
1041 1195 1101 1244 me,
1113 1195 1172 1246 quo
1233 1218 1234 1249 q

276 1305 311 1355 tu
333 1297 518 1368 abundabas,
533 1315 624 1367 egere
647 1294 770 1352 consilio
792 1314 850 1352 nec
872 1314 952 1353 esses
973 1315 1077 1368 passus
1098 1295 1183 1353 mihi‘

277 1416 452 1489 persuaderi
463 1417 539 1474 utile
551 1417 638 1473 nobis
649 1435 715 1473 esse
726 1415 829 1487 legem
840 1415 880 1473 de
891 1415 1026 1488 collegiis
1037 1416 1171 1488 perferri.

278 1538 340 1597 Sed
357 1545 393 1595 tu
411 1545 531 1595 tantum
551 1536 687 1594 lacrimas
705 1537 871 1608 praebuisti
887 1536 983 1594 dolori
1000 1557 1079 1608 meo,
1094 1537 1176 1609 quod
1233 1520 1234 1543 ³

279 1667 343 1716 erat
363 1662 481 1727 amoriS,
504 1666 659 1728 tamquam
680 1662 745 1729 ipse
767 1677 838 1728 ego;
860 1658 941 1729 quod
962 1662 1078 1717 meritis
1099 1663 1176 1717 meis

279 1779 451 1853 perfectum
466 1783 576 1851 potuit,
581 1785 623 1857 ‚ut
638 1778 703 1835 dies
715 1785 748 1835 et
762 1787 877 1848 noctes,
889 1780 963 1850 quid
976 1779 1051 1837 mihi
1062 1778 1177 1837 facien-

279 1900 353 1957 dum
368 1906 459 1969 esset,
474 1902 632 1969 cogitares
647 1898 679 1956 id
697 1900 750 1956 abs
767 1906 800 1956 te
817 1919 896 1971 mec,
911 1920 973 1957 non
990 1907 1044 1958 tuo
1061 1900 1177 1959 scelere

280 2023 525 2093 praetermissum
544 2027 598 2075 est.
644 2017 761 2090 Quodsi
778 2039 840 2076 non
856 2020 946 2078 modo
963 2029 1009 2092 tu,
1024 2021 1078 2079 sed
1095 2027 1178 2092 quis-

280 2161 370 2212 quam
385 2139 503 2210 fuisset,
518 2143 570 2209 qui
584 2158 633 2196 me
650 2139 774 2211 Pompei
788 2144 888 2199 minus
901 2141 1019 2200 liberali
1032 2161 1179 2214 responso

280 2265 478 2334 perterritum
506 2279 524 2315 a
548 2263 721 2330 turpissimo
750 2261 874 2319 consilio
901 2270 1066 2333 revocaret,
1096 2264 1179 2334 quod
1233 2258 1234 2339 l

279 2400 358 2439 unus
382 2388 419 2459 tu
444 2365 547 2437 facere*
570 2383 700 2436 maxime
728 2384 865 2452 potuisti,
889 2390 943 2439 aut
970 2383 1180 2441 occubuissem
1233 2356 1234 2447 l

281 2501 421 2571 honeste,
446 2506 499 2557 aut
524 2503 652 2557 victores
677 2498 768 2557 hodie
794 2505 969 2560 viveremus.
1015 2502 1078 2559 Hic
1103 2504 1181 2561 mihi

281 2626 434 2693 ignosces3
447 2640 497 2678 me
513 2623 595 2677 euim
609 2623 708 2691 ipsum
721 2619 819 2677 multo
829 2625 924 2692 magis
935 2642 1053 2695 accuso,
1065 2623 1181 2682 deinde
1233 2596 1234 2633 ss

277 2748 314 2799 ,te
335 2744 420 2812 quasi
436 2760 486 2797 me
505 2739 634 2797 alterum
659 2747 691 2797 et
713 2740 802 2797 simul
824 2760 911 2798 meae
935 2742 1041 2815 culpae
1065 2749 1182 2802 socium

282 2880 401 2932 quaero.
447 2861 503 2931 Ac,
529 2865 554 2917 si
582 2864 735 2931 restituor,
761 2865 853 2918 etiam
882 2867 981 2920 minus
1010 2864 1184 2923 videbimur

282 2981 445 3052 deliquisse
460 2981 513 3038 abs
527 2988 621 3051 teque
637 2988 730 3050 certe,
745 2986 887 3051 quoniam
901 2968 986 3040 nullo¹
1000 2993 1115 3057 nostro,
1128 2994 1185 3043 tuo

283 3106 376 3174 ipsius
390 3101 538 3159 beneficio
553 3100 721 3172 diligemur.

367 3227 428 3287 226
