2498 3850
455 252 625 361 MARCUS
646 300 829 361 TULLIUS
851 299 1001 359 CICERO

279 431 408 504 pedibus
422 451 477 502 per
492 429 704 488 Macedoniam
718 433 829 487 venire.
876 428 984 499 ltaque
998 427 1043 485 illi
1058 429 1170 486 obviam

279 537 414 590 misimus
439 531 588 602 AthenaS,
616 539 652 589 ut
680 529 752 588 inde
777 529 1022 588 Thessalonicam
1047 534 1168 588 veniret.

280 633 342 705 lpsi
356 637 554 704 processimus
570 640 603 690 et
617 630 862 689 Thessalonicam
876 651 901 687 a.
918 630 947 687 d.
961 651 980 688 x
993 629 1060 687 Kal.
1074 630 1172 689 lunias

273 734 425 804 ¹venimus,
438 752 538 805 neque
552 732 592 790 de
607 731 687 790 illius
701 736 812 789 itinere
823 736 984 803 quicquam
996 735 1072 790 certi
1082 731 1173 790 habe·

280 837 385 893 bamus
400 839 457 892 nisi
473 855 543 893 eum
557 835 596 891 ab
610 833 733 905 Epheso
743 841 816 890 ante
828 832 984 904 aliquanto
994 831 1170 904 profectum.

280 937 381 1008 Nunc,
395 941 463 994 istic
478 935 552 1006 quid
566 943 684 1007 agatur,
698 954 810 1006 magno
827 954 919 1006 opere
936 938 1050 1003 timeo;
1072 954 1173 1006 quam-

196 1036 198 1043 '
279 1058 370 1108 quam
384 1045 418 1095 tu
433 1038 529 1094 altera
544 1035 674 1107 epistula
688 1035 792 1092 scribis
808 1034 912 1093 Idibus
927 1034 1016 1092 Maiis
1027 1035 1132 1094 audire
1142 1044 1175 1094 te

277 1139 344 1196 fore
363 1146 399 1196 ut
418 1143 514 1196 acrius
534 1136 748 1208 postularetur,
766 1136 863 1194 altera
882 1140 942 1193 iam
961 1139 1027 1194 esse
1046 1141 1173 1196 mitiora

281 1239 343 1299 Sed
363 1239 439 1298 haec
462 1247 509 1297 est
530 1238 628 1310 pridie
649 1237 722 1295 data
743 1257 834 1309 quam
855 1236 917 1308 illa,
932 1257 992 1309 quo
1014 1240 1177 1298 conturber

279 1345 383 1411 magis.
409 1339 517 1410 ltaque
528 1359 596 1397 cum
605 1358 691 1397 meus
700 1358 750 1403 me
759 1357 876 1396 maeror
885 1337 1055 1397 cotidianus
1064 1339 1177 1399 lacerat

205 1452 208 1462 ”
280 1448 313 1498 et
327 1440 458 1511 conficit,
472 1448 539 1497 tum
553 1460 625 1497 vero
638 1438 714 1497 haec
729 1438 833 1497 addita
846 1459 918 1496 cura
932 1443 982 1496 vix
997 1440 1072 1497 mihi
1083 1445 1177 1499 vitam

279 1542 427 1613 reliquam
441 1541 521 1598 facit.
567 1539 628 1599 Sed
644 1548 677 1598 et
691 1544 844 1611 navigatio
859 1538 1042 1612 perdifficilis
1059 1540 1129 1613 fuit,
1145 1551 1179 1601 et

279 1642 341 1713 ille,
359 1646 493 1700 incertus
514 1642 566 1698 ubi
588 1661 646 1711 ego
668 1661 776 1712 essem,
793 1640 920 1698 fortasse
941 1641 1035 1699 alium
1056 1661 1178 1702 cursum

278 1747 396 1816 petivit.
435 1743 515 1801 Nam
525 1736 878 1800 Phaetholibertuseum
887 1762 950 1799 non
958 1743 1042 1801 vidit
1074 1743 1180 1803 Vento

279 1850 410 1903 reiectus
424 1844 463 1901 ab
478 1841 535 1901 llio
554 1848 587 1900 in
606 1842 818 1900 Macedoniam
839 1842 941 1900 Pellae
961 1843 1036 1901 mihi
1054 1854 1180 1915 praesto

279 1945 345 2004 fuit.
382 1945 509 2016 Reliqua
518 1965 609 2016 quam
619 1944 695 2002 mihi
706 1943 843 2002 timenda
854 1948 916 2002 sint
926 1944 1025 2016 video,
1035 1965 1092 2002 nec
1102 1948 1179 2018 quid

278 2048 406 2105 scribam
421 2045 518 2104 habeo
534 2054 567 2104 et
581 2050 682 2103 omnia
696 2050 800 2116 timeo,
815 2053 951 2103 nectam
970 2050 1114 2105 miserum
1130 2057 1180 2108 est

278 2152 449 2219 quicquam,
474 2147 556 2218 quod
581 2166 643 2204 non
667 2151 700 2203 in
725 2154 859 2204 nostram
888 2146 1040 2204 fortunam
1066 2147 1179 2216 cadere
1218 2190 1222 2197 -

278 2249 424 2306 videatur.
470 2246 621 2319 Equidem
644 2246 743 2305 adhuc
765 2251 857 2322 miser
880 2251 912 2321 in
937 2252 1075 2320 maximis
1100 2255 1181 2310 meis

277 2354 429 2406 aerumnis
441 2356 474 2407 et
484 2348 616 2407 luctibus
627 2348 685 2406 hoc
696 2352 781 2406 metu
792 2333 913 2406 adiecto
927 2368 1036 2407 maneo
1046 2349 1181 2410 Thessa-

278 2450 395 2507 lonicae
410 2469 572 2520 suspensus
586 2469 644 2507 nec
659 2449 757 2507 audeo
771 2453 940 2521 quicquam.

242 2618 245 2622 -
320 2574 518 2646 Nuncadea,
526 2595 604 2646 quae
616 2580 768 2647 scripsisti.
803 2574 999 2647 Tryphonem
1011 2577 1182 2637 Caecilium

277 2696 339 2733 non
361 2676 430 2734 vidi.
466 2677 654 2756 ⁸Sermonem
676 2684 763 2734 tuum
785 2684 818 2734 et
841 2677 966 2749 Pompei
987 2684 1121 2750 cognovi
1139 2701 1181 2738 ex

277 2782 338 2836 tuis
352 2778 470 2835 litteris.
517 2772 637 2835 Motum
654 2782 686 2834 in
704 2797 736 2835 re
754 2778 876 2849 publica
893 2798 955 2835 non
975 2786 1105 2838 tantum
1118 2801 1184 2852 ego

277 2878 455 2961 impendere
475 2878 574 2950 video,
592 2887 741 2949 quantum
760 2886 794 2936 tu
814 2886 868 2939 aut
887 2878 972 2937 vides
992 2861 1106 2939 autad
1126 2902 1184 2941 me

275 2974 493 3032 consolandum
507 2974 615 3032 adfers
659 2973 791 3045 Tigrane
806 2978 888 3032 enim
901 2974 1046 3046 neglecto
1057 2961 1185 3039 sublata

276 3079 349 3129 sunt
357 3075 465 3128 omnia.
493 3071 620 3128 Varroni
629 3090 678 3129 me
688 3071 774 3128 iubes
782 3091 873 3142 agere
882 3075 1003 3142 gratias.
1036 3072 1185 3141 Faciam

276 3172 351 3225 item
364 3168 516 3238 Hypsaeo.
563 3165 653 3238 Quod
664 3165 781 3238 suades,
791 3186 831 3224 ne
842 3167 962 3239 longius
974 3168 1184 3244 discedamuS,

360 3261 421 3327 206
