2498 3850
444 291 616 351 nanctis
636 276 820 351 nmmos
841 292 992 351 c1crn0

672 616 765 673 XXII

568 755 673 793 cicaro
688 755 794 794 mico
808 755 867 793 san

57 855 116 913 Ser.
129 855 237 913 Romae
311 854 412 927 Quam
439 856 551 914 vellem
581 857 712 914 Romae!
770 857 933 915 Mansisses
967 856 1115 928 profecto,
1144 862 1169 916 si

54 946 119 1010 pm
131 937 254 996 WHK'
269 976 346 1035 haee
370 976 435 1035 fore
460 986 658 1074 putassemus.
703 978 784 1035 Nam
813 965 1003 1036 Pulchellum
1030 985 1167 1036 nostrum

57 1021 254 1163 ξῖῗὶὲηῧου
270 1097 412 1156 facillime
437 1106 613 1156 teneremus
635 1106 689 1156 aut
712 1107 807 1169 certe,
822 1099 896 1169 quid
920 1106 1002 1156 esset
1023 1098 1168 1170 facturus,

58 1208 84 1245 α·
96 1187 159 1245 695
269 1223 346 1276 seire
360 1238 522 1291 possemus.
547 1220 638 1276 Nunc
648 1239 681 1277 se
692 1239 741 1277 res
755 1225 798 1277 sic
812 1219 914 1277 habet
938 1219 1064 1290 Volitat,
1075 1217 1168 1285 furit;

269 1338 346 1395 nihil
367 1338 462 1397 habet
483 1344 570 1410 certi,
585 1340 689 1397 multis
711 1340 885 1410 denuntiat,
899 1338 981 1410 quod
1002 1339 1063 1397 fors
1079 1340 1168 1398 obtu-

269 1458 351 1529 lerit,
365 1459 397 1516 id
418 1466 539 1517 aeturus
553 1460 693 1529 videtur3
714 1481 784 1518 eum
799 1460 894 1531 videt,
908 1480 968 1530 quo
988 1465 1028 1517 sit
1046 1464 1079 1516 in
1099 1458 1169 1517 odio

270 1586 367 1637 status
389 1578 439 1637 hic
453 1599 565 1651 rerum,
579 1585 612 1637 in
627 1600 688 1652 eos,
703 1585 756 1651 qui
772 1581 849 1639 haec
863 1589 1005 1652 egerunt,
1018 1584 1169 1651 impetum

270 1698 404 1758 facturus
423 1700 563 1769 videtur3
585 1721 654 1758 cum
673 1709 777 1759 autem
795 1721 897 1758 mrsus
917 1721 990 1772 opes
1012 1720 1116 1758 eorum
1136 1709 1169 1758 et

270 1824 332 1877 vim
349 1828 382 1878 et
404 1825 554 1878 exercitus
577 1821 763 1891 recordatur,
777 1825 928 1878 convertit
951 1840 984 1878 se
1008 1825 1040 1877 in
1062 1820 1170 1891 bonos
1206 1852 1210 1857 ·

270 1941 357 1998 nobis
379 1947 483 1998 autem
505 1945 578 2012 ipsis
598 1950 664 1999 tum
684 1946 756 2012 vim,
770 1949 838 1999 tum
858 1940 1003 1998 iudicium
1024 1944 1167 1998 minatur.

271 2061 348 2119 Cum
367 2060 425 2118 hoe
445 2062 606 2132 Pompeius
621 2066 686 2133 egit
701 2070 744 2133 et,
758 2069 794 2119 ut
808 2062 848 2119 ad
866 2080 917 2119 me
936 2065 1001 2132 ipse
1015 2059 1171 2118 referebat

271 2168 377 2250 (alium
385 2185 467 2239 enim
476 2180 574 2239 habeo
583 2169 1171 2256 neminemtestem),vehementeregit,
1204 2248 1210 2252 .

271 2322 341 2359 cum
354 2300 472 2358 diceret
486 2305 519 2357 in
533 2282 692 2360 summa'se
707 2301 851 2374 perfidiae
862 2309 896 2359 et
910 2301 1030 2359 sceleris
1045 2300 1172 2357 infamia

271 2420 347 2491 fore,
361 2424 387 2478 si
407 2420 483 2478 mihi
504 2422 673 2493 periculum
695 2406 856 2479 crearetur'
870 2422 910 2478 ab
932 2441 980 2491 eo,
993 2440 1086 2490 quem
1105 2425 1194 2492 ipse·

271 2549 426 2611 armasset,
446 2561 515 2598 cum
537 2542 692 2613 plebeium
715 2542 779 2599 fieri
802 2561 905 2614 passus
929 2547 1017 2598 esset.
1062 2539 1172 2599 Fidem

271 2665 421 2732 recepisse
436 2638 493 2719 sihi
513 2670 546 2719 et
560 2666 659 2734 ipsum
674 2670 707 2720 et
727 2662 862 2734 Appium
876 2661 916 2719 de
930 2681 987 2718 me.
1034 2661 1127 2718 Hanc
1148 2666 1173 2719 si

271 2782 324 2839 ille
338 2801 400 2839 non
414 2769 557 2853 servaret,
573 2786 616 2840 ita
630 2782 773 2853 laturum,
784 2789 819 2840 ut
834 2801 938 2840 omnes
953 2780 1175 2851 intellegerent
1232 2828 1233 2831 ,

271 2902 348 2960 nihil
366 2904 423 2961 sibi
443 2906 596 2973 antiquius
613 2886 751 2960 amicitia
763 2911 866 2960 nostra
884 2902 983 2960 fuisse.
1030 2902 1119 2958 Haec
1140 2909 1175 2960 et

271 3027 304 3081 in
324 3043 392 3081 eam
406 3027 591 3080 sententiam
610 3042 678 3080 cum
698 3023 795 3080 multa
814 3022 949 3092 dixisset,
964 3023 1066 3079 aiebat
1085 3021 1175 3079 illum

271 3148 369 3216 primo
392 3163 464 3202 sane
488 3143 540 3202 diu
564 3144 661 3201 multa
684 3150 799 3214 contra,
813 3142 852 3200 ad
875 3150 1047 3200 extremum
1067 3151 1176 3201 autem

358 3246 416 3297 180
