2498 3850
431 283 601 343 MARCUS
622 281 805 342 TULLIUS
826 279 976 341 CICERO

693 537 721 593 V

546 665 650 704 crcrno
671 664 777 703 mico
798 664 856 702 sut.
1229 723 1231 727 ι

44 759 103 818 Sor.
120 759 233 818 Thuriis
297 754 441 813 Terentia
455 756 512 813 tibi
527 763 560 813 et
574 774 664 826 saepe
680 762 713 812 et
729 757 873 811 maximas
887 756 952 823 agit
965 754 1085 823 gratias.
1114 737 1152 807 ld'

44 842 119 997 ΖΕ
130 843 230 985 ζέω
255 870 303 920 est
316 862 392 920 mihi
405 867 617 934 gratissimum,
652 862 719 933 Ego
730 866 797 919 vivo
811 864 995 918 miserrimus
1010 866 1043 916 et
1056 861 1150 915 maxi-

108 970 127 997 .‚
230 961 243 972 -

44 1017 98 1080 gur,
110 1031 136 1067 a.
150 1009 211 1068 696
254 990 304 1027 mo
329 970 432 1028 dolore
458 971 605 1028 conficior.
651 969 701 1027 Ad
724 977 757 1027 te
779 968 852 1041 quid
877 969 1015 1038 scribam,
1038 970 1150 1024 nescios
1196 1036 1198 1041 Α
1242 982 1243 987 “

179 1145 201 1151 Α
255 1078 287 1137 Si
302 1082 384 1136 enim
399 1099 431 1137 es
448 1080 570 1149 Romae,
584 1083 645 1135 iam
659 1097 709 1136 me
723 1076 849 1148 adsequi
863 1097 925 1133 non
942 1083 1041 1147 potes,
1056 1078 1103 1132 sin
1118 1093 1150 1131 es

254 1191 287 1243 in
305 1191 363 1258 via,
377 1208 447 1244 cum
467 1191 525 1245 eris
544 1207 593 1244 me
612 1185 784 1256 adsecutus,
799 1204 899 1242 coram
918 1203 1053 1255 agemus,
1073 1202 1151 1254 quae

255 1302 345 1353 erunt
358 1294 485 1366 agenda.
509 1294 641 1352 Tantum
655 1302 688 1352 te
703 1314 765 1365 orn,
775 1301 820 1364 ut,
832 1297 974 1365 quoniam
988 1311 1038 1348 me
1052 1295 1152 1363 ipsum

255 1422 375 1474 semper
388 1408 505 1473 amasti,
519 1411 555 1460 ut
573 1423 654 1460 nunc
673 1401 781 1460 eodem
799 1421 901 1458 amore
916 1405 973 1470 sis;
996 1420 1054 1471 ego
1068 1403 1152 1456 enim
1208 1449 1215 1466 ,

255 1508 337 1567 idem
358 1530 432 1568 sum.
462 1509 579 1568 Inimici
603 1515 665 1567 mei
689 1530 758 1567 mea
782 1508 867 1580 mihi,
892 1528 954 1566 non
978 1527 1029 1566 me
1051 1512 1152 1579 ipsum
1242 1568 1243 1575 χ

254 1616 442 1676 ademerunt.
488 1618 575 1689 Cura,
589 1626 625 1676 ut
639 1619 746 1675 valeas.

297 1726 378 1784 Data
392 1745 437 1783 1111
453 1725 525 1784 Idus
540 1726 635 1798 April.
653 1725 766 1784 Thurii.

546 2265 650 2304 cremo
672 2264 778 2304 ATTICO
799 2265 857 2304 sut.

45 2351 103 2410 Ser.
120 2351 149 2409 io
296 2356 367 2413 Non
392 2354 492 2412 fuerat
519 2354 594 2412 mihi
623 2355 759 2425 dubium,
784 2358 858 2425 quin
883 2362 916 2412 te
942 2353 1069 2411 Tarenti
1098 2362 1154 2412 aut
1241 2396 1243 2403 ι

43 2434 197 2576 Ξῖῖωὲἑω
255 2462 395 2520 Brundisi
409 2467 525 2520 visurus
540 2480 647 2534 essem,
662 2458 754 2534 idque
769 2461 808 2519 ad
822 2461 919 2520 mults
937 2465 1098 2534 pertinuit,
1120 2467 1154 2520 in

43 2601 116 2660 Mai.
133 2623 152 2660 a
166 2563 238 2660 ⁸696·
254 2573 307 2642 εἰς,
322 2578 355 2628 et
369 2574 451 2627 utin
466 2570 558 2642 Epiro
569 2575 800 2628 consisteremus
816 2569 902 2627 etde
922 2570 1045 2640 reliquis
1060 2570 1152 2629 rebus

253 2686 307 2736 tuo
318 2678 443 2736 consilio
452 2686 615 2736 uteremur.
661 2677 812 2749 Quoniam
823 2677 855 2735 id
866 2698 928 2735 non
939 2681 1080 2749 contigit,
1092 2683 1153 2736 erit

252 2783 310 2844 hoc
331 2806 451 2859 quoque
473 2791 505 2843 in
525 2806 636 2868 magno
655 2806 781 2843 numero
801 2794 972 2845 nostrorum
991 2785 1149 2867 malorum.

253 2895 348 2954 Nobis
362 2899 421 2952 iter
436 2902 483 2953 est
497 2899 529 2951 in
544 2894 658 2965 Asiam,
671 2898 802 2952 maxime
818 2894 966 2965 Cyzicum.
991 2894 1078 2952 Meos
1093 2895 1153 2952 tibi

253 3003 439 3061 commendo.
485 3003 538 3061 Me
553 3005 602 3059 vix
617 3006 787 3073 misereque
802 3009 948 3062 sustento.

295 3111 376 3170 Data
390 3130 454 3168 xnn
471 3110 507 3167 K.
525 3111 621 3168 Maias
635 3109 675 3167 de
689 3108 863 3169 Tarentino

337 3232 397 3284 200
