2494 3854
447 295 618 356 MARCUS
639 295 822 356 TULLIUS
844 295 995 359 CICERO

271 418 456 478 creditorum
480 436 570 475 causa
593 424 630 474 ut
654 419 839 474 centesimae
867 424 1019 489 perpetuo
1046 417 1174 478 faenore

271 527 464 586 ducerentur.
509 525 579 581 Hoc
593 523 667 595 quid
684 528 816 594 intersit,
831 529 856 582 si
873 532 942 583 tuos
959 525 1073 596 digitos
1089 532 1173 598 novi,

271 641 356 692 certe
369 633 464 691 habes
481 633 673 691 subductum
710 632 747 689 In
762 651 823 703 quo
836 633 972 705 quidem,
986 632 1053 692 ὀδοῦ
1066 633 1172 706 ardore

272 765 335 814 γον,
350 742 384 800 1.
403 741 550 800 Lucceius
565 742 608 798 M.
625 740 645 797 f.
663 745 801 812 queritur
814 741 897 813 apud
911 761 962 799 me
978 762 1035 814 per
1052 742 1172 801 litteras

256 870 423 919 ‚summum
438 869 504 907 esse
518 849 697 921 periculum,
708 834 751 906 ne
760 848 851 921 culpa
864 858 988 908 senatus
1002 849 1050 908 his
1066 851 1173 909 decre-

272 963 312 1017 tis
326 979 374 1017 res
389 957 428 1017 ad
439 957 557 1016 tabulas
568 977 660 1014 novas
670 961 845 1028 perveniat3
859 967 1086 1031 commemorat,
1097 960 1174 1031 quid
1236 990 1238 1005 ι

272 1066 345 1125 olim
364 1067 436 1125 mali
457 1067 489 1124 C.
514 1065 608 1123 Iulius
630 1065 748 1137 fecerit,
770 1086 840 1123 cum
861 1066 1012 1125 dieculam
1033 1068 1174 1138 duxerit3

272 1195 438 1246 numquam
466 1178 511 1232 rei
538 1174 678 1245 publicae
706 1173 782 1245 plus.
827 1174 890 1233 Sed
913 1175 954 1234 ad
978 1195 1043 1234 rem
1067 1176 1172 1235 redeo.

274 1283 426 1343 Meditare
447 1281 590 1340 adversus
616 1282 745 1340 Brutum
770 1302 890 1341 causam
914 1303 1024 1355 meam,
1047 1288 1072 1342 si
1094 1284 1174 1343 haec

273 1411 362 1450 causa
386 1398 443 1461 est,
469 1398 574 1449 contra
599 1411 690 1462 quam
714 1390 790 1448 nihil
818 1391 947 1450 honeste
971 1391 1032 1451 dici
1057 1400 1174 1464 potest,

273 1503 452 1571 praesertim
466 1518 535 1556 cum
550 1502 702 1569 integram
715 1518 781 1556 rem
795 1506 829 1557 et
843 1519 964 1557 causam
977 1500 1163 1570 reliquerim.

317 1607 444 1679 Reliqua
458 1613 530 1664 sunt
544 1606 718 1664 domestica.
757 1606 806 1665 De
821 1604 965 1680 ἔνδομύχῳ
979 1608 1074 1680 probo
1088 1608 1173 1668 idem

274 1715 355 1789 quod
372 1723 407 1774 tu
426 1714 597 1773 Postumiae
615 1715 686 1786 filio,
701 1719 844 1786 quoniam
867 1715 1006 1774 Pontidia
1026 1725 1171 1788 nugatur.

273 1824 336 1883 Sed
353 1822 463 1881 vellem
480 1823 610 1881 adesses.
655 1823 684 1880 A
703 1822 821 1895 Quinto
838 1823 932 1882 fratre
949 1823 995 1883 his
1014 1827 1173 1884 mensibus

273 1931 350 1989 nihil
373 1934 573 2002 exspectaris3
602 1951 674 1989 nam
699 1930 814 1989 Taurus
839 1939 963 2003 propter
987 1936 1072 1990 nives
1097 1942 1172 1991 ante

273 2058 411 2097 mensem
429 2038 551 2097 Iunium
567 2042 688 2097 transiri
705 2059 767 2097 non
787 2047 897 2110 potest.
941 2039 1119 2113 Thermum,
1137 2050 1172 2101 ut

273 2166 370 2219 rogas,
385 2148 574 2205 creberrimis
588 2146 698 2205 litteris
713 2146 813 2205 fulcio.
860 2147 891 2205 P.
908 2147 1061 2206 Valerium
1076 2158 1172 2222 negat

274 2256 387 2314 habere
401 2259 562 2326 quiequam
580 2253 742 2312 Deiotarus
757 2274 810 2312 rex
825 2275 955 2327 eumque
969 2260 1012 2313 ait
1025 2276 1044 2313 a
1058 2276 1092 2315 se
1108 2277 1171 2316 sus·

274 2367 394 2421 tentari.
439 2362 516 2420 Cum
533 2366 618 2432 scieS,
638 2362 750 2419 Romae
770 2362 983 2420 intercalatum
1001 2367 1042 2421 sit
1061 2383 1171 2436 necne,
1235 2400 1236 2417 .

274 2471 365 2528 velim
379 2471 482 2530 adme
498 2471 608 2527 scribas
623 2477 751 2540 certum,
765 2490 826 2541 quo
840 2470 890 2528 die
908 2475 1052 2543 mysteria
1069 2472 1171 2531 futura

274 2584 343 2637 sint.
390 2579 521 2636 Litteras
542 2586 609 2636 tuas
630 2582 730 2635 minus
752 2577 843 2648 paulo
862 2585 1015 2649 exspecto,
1034 2599 1126 2650 quam
1148 2587 1172 2639 si

277 2687 388 2745 Romae
404 2706 495 2756 esses,
510 2686 564 2744 scd
577 2693 682 2744 tamen
697 2693 849 2765 exspecto.
