2484 3854
438 312 609 372 MARCUS
630 311 813 372 TULLIUS
835 311 985 371 CICERO

263 436 424 508 publicae?
467 436 618 493 Nimirum
639 440 671 492 in
694 434 801 492 Publio
822 454 890 506 spes
912 442 967 492 est
1013 434 1090 504 Fiat,
1110 434 1163 492 fiat

263 532 402 589 tribunus
423 531 476 603 pl,
491 536 515 588 si
536 531 613 588 nihil
635 531 727 602 aliud,
742 539 778 588 ut
798 551 835 589 eo
854 535 942 588 citius
961 538 997 588 tu
1012 550 1050 588 ex
1071 530 1163 602 Epiro

262 635 415 684 revertare
427 647 435 696 ;
465 648 545 698 nam,
560 636 596 685 ut
618 627 671 684 illo
692 635 727 684 tu
749 647 860 698 careas,
880 646 942 683 non
963 626 1052 684 video
1074 646 1162 698 posse

264 723 338 793 fieri,
360 727 538 795 praesertim
562 728 587 780 si
610 742 730 781 mecum
753 722 867 794 aliquid
890 723 973 781 volet
997 722 1161 794 disputare.

265 819 326 877 Sed
340 819 372 876 id
387 819 511 890 quidem
525 839 587 876 uon
598 819 725 876 dubium
736 827 793 890 est,
805 823 888 890 quin,
900 823 925 875 si
936 818 1010 889 quid
1025 822 1084 876 erit
1099 822 1163 876 eius

264 914 357 985 modi,
369 919 408 972 sis
422 914 624 973 advolaturus
648 915 772 984 Verum,
783 922 819 972 ut
833 914 891 971 hoc
906 934 968 971 non
983 918 1033 985 sit,
1047 922 1164 985 tamen,

265 1015 327 1069 sive
341 1018 411 1069 ruet
425 1016 487 1069 sive
502 1000 621 1082 erigetl
636 1031 702 1069 rem
716 1011 878 1082 publicam,
893 1010 1080 1082 praeclarum
1095 1030 1163 1081 spe-

265 1108 416 1165 ctaculum
430 1107 505 1164 mihi
522 1127 668 1179 propono,
683 1106 774 1164 modo
787 1114 820 1164 te
835 1126 1007 1164 consessore
1025 1113 1164 1177 spectare
1233 1140 1234 1167 ;

262 1203 361 1261 liceat.
964 1266 967 1273 ,

306 1298 382 1356 Cum
404 1299 480 1356 haec
501 1303 632 1356 maxime
654 1299 826 1368 scriberem,
843 1318 914 1356 ecce
936 1299 993 1355 tibi
1015 1298 1164 1356 Sebosus!

265 1395 410 1452 Nondum
428 1395 519 1466 plane
539 1399 758 1466 ingemueram,
773 1380 912 1465 “salve,’'
928 1399 1029 1465 inquit
1048 1392 1163 1453 Arrius
1233 1388 1234 1425 l

266 1491 336 1547 Hoc
351 1498 398 1548 est
415 1491 509 1547 Roma
523 1491 692 1548 decedere!
737 1489 821 1562 Quos
836 1510 894 1561 ego
908 1490 1047 1548 homines
1061 1489 1165 1563 effugi,

265 1606 334 1643 cum
348 1590 380 1643 in
395 1586 450 1643 hos
464 1586 575 1643 incidi!
619 1586 686 1657 Ego
700 1606 771 1644 vero

328 1668 348 1694 “
359 1682 395 1739 ln
409 1690 529 1740 montes
544 1686 657 1754 patrios
672 1689 705 1739 et
719 1681 759 1739 ad
773 1681 956 1739 incunabula
970 1690 1072 1739 nostra
1082 1682 1100 1702 '’

264 1797 397 1850 pergam.
443 1778 595 1849 Denique,
607 1782 631 1835 si
646 1779 726 1835 solus
737 1798 799 1835 non
813 1785 950 1849 potuero,
962 1798 1031 1835 cum
1045 1783 1167 1838 rusticis
1233 1810 1234 1845 1

265 1878 365 1945 potius
380 1894 470 1944 quam
485 1894 554 1931 cum
575 1874 622 1931 his
641 1874 827 1945 perurbanis,
843 1878 886 1931 ita
899 1882 1013 1944 tamen,
1029 1882 1074 1944 ut,
1090 1895 1166 1946 quo·
1233 1850 1234 1887 l

264 1974 346 2027 niam
357 1978 392 2027 tu
404 1974 479 2028 certi
490 1970 567 2027 nihil
582 1971 695 2040 scribis,
706 1974 738 2026 in
754 1970 913 2027 Formiano
926 1971 983 2027 tibi
997 1972 1167 2042 praestoler

264 2085 360 2136 usque
375 2066 414 2123 ad
429 2085 461 2122 111
478 2067 581 2123 Nonas
596 2066 699 2123 Maias.

307 2162 469 2220 Terentiae
483 2169 625 2234 pergrata
640 2170 688 2219 est
704 2161 869 2219 adsiduitas
883 2169 937 2218 tua
952 2169 985 2219 et
1003 2161 1166 2234 diligentia

266 2262 298 2315 in
322 2262 525 2316 controversia
548 2258 710 2315 Muluiana.
756 2257 863 2314 Nescit
883 2261 1006 2314 omnino
1027 2266 1060 2315 te
1083 2279 1166 2317 com-

265 2373 389 2410 munem
405 2373 524 2410 causam
538 2352 705 2410 defendere
721 2372 834 2423 eorum,
850 2357 902 2424 qui
920 2372 1008 2424 agros
1027 2355 1167 2425 publicos
1233 2402 1234 2409 ,

265 2448 459 2520 possideant3
481 2449 535 2506 sed
554 2456 658 2506 tamen
673 2457 707 2506 tu
721 2448 835 2519 aliquid
856 2448 1024 2520 publicanis
1044 2451 1166 2524 pendis,
1233 2436 1234 2505 J

266 2545 342 2602 haec
366 2549 458 2602 etiam
482 2545 514 2602 id
536 2553 662 2602 recusat.
708 2545 752 2602 Ea
775 2545 831 2601 tibi
854 2547 948 2615 igitur
970 2553 1003 2603 et
1023 2545 1163 2620 Κικέρων,
1233 2592 1234 2595 ¹

266 2640 582 2713 ἅριστοκρατικῶτατος
596 2644 670 2712 παῖς,
684 2641 814 2698 salutem
827 2640 942 2699 dicunt.
956 2682 960 2687 =

299 2777 372 2827 ¹sive
384 2777 473 2841 eriget
487 2777 637 2828 Corradus:
654 2782 702 2842 get
716 2776 780 2827 CZ:
797 2776 848 2825 ΔΣ.
862 2776 929 2825 omit
940 2775 984 2826 the
994 2778 1073 2827 word.
