2526 3850
456 313 626 374 MARCUS
647 313 831 374 TULLIUS
852 313 1003 374 CICERO

278 436 384 507 fracta,
409 436 563 509 dissipata,
591 437 712 509 direpta
747 440 797 508 sit,
826 455 888 494 non
923 441 1054 508 ignoras,
1089 437 1178 496 valde

280 537 451 597 laboramus
464 544 647 610 tuarumque
661 557 724 595 non
742 545 807 595 tam
826 537 1016 609 facultatum,
1032 558 1106 610 quas
1120 558 1180 610 ego
1256 530 1257 543 ¹

281 646 399 698 nostras
414 659 480 698 esse
495 640 605 710 iudico,
620 660 712 712 quam
726 639 919 697 consiliorum
933 639 973 697 ad
992 639 1180 712 colligendas

281 748 315 799 et
329 741 558 800 constituendas
572 741 715 813 reliquias
729 748 847 799 nostras
861 741 1042 812 indigemus,

324 849 425 920 Nunc,
445 853 503 907 etsi
525 852 626 905 omnia
639 856 694 906 aut
712 853 825 921 scripta
844 868 910 906 esse
933 869 951 905 a
973 853 1035 907 tuis
1051 850 1180 907 arbitror

281 954 437 1008 autetiam
445 954 561 1007 nuntiis
570 970 605 1006 ac
619 969 739 1007 rumore
750 949 877 1022 perlata,
888 956 993 1008 tamen
1004 971 1041 1008 ea
1051 952 1180 1008 scribam

281 1053 376 1123 brevi,
391 1072 469 1124 quae
483 1059 516 1109 te
530 1059 606 1123 puto
620 1054 811 1122 potissimum
825 1071 863 1109 ex
877 1056 953 1109 meis
967 1051 1078 1109 litteris
1099 1050 1179 1109 velle

281 1174 472 1225 cognoscere.
519 1153 564 1211 Pr.
583 1153 686 1210 Nonas
701 1152 832 1212 Sextiles
848 1152 1016 1224 Dyrrachio
1030 1173 1096 1210 sum
1110 1172 1179 1223 pro·
1256 1166 1257 1229 J

282 1255 382 1313 fectus
396 1259 462 1327 i‘pso
476 1254 529 1311 illo
540 1255 601 1325 die,
616 1254 741 1326 quolex
756 1261 804 1312 est
817 1254 879 1312 lata
894 1255 933 1313 de
953 1256 1047 1312 nobis.
1081 1254 1179 1311 Brun-

234 1372 240 1383 ·
281 1351 393 1408 disium
406 1354 477 1408 veni
491 1350 588 1407 Nonis
600 1349 774 1409 Sextilibus
820 1350 868 1408 Ibi
881 1351 957 1408 mihi
967 1349 1096 1408 Tulliola
1110 1370 1179 1408 mea

282 1446 341 1504 fuit
355 1453 486 1518 praesto,
495 1445 590 1503 natali
604 1465 658 1504 suo
672 1449 738 1518 ipso
752 1446 813 1516 die,
825 1450 877 1518 qui
892 1466 961 1504 casu
976 1447 1059 1504 idem
1069 1446 1179 1503 natalis
1256 1488 1257 1495 κ

283 1549 353 1601 erat.
363 1548 396 1599 et
410 1541 610 1600 Brundisinae
625 1541 760 1600 coloniae
778 1550 812 1600 et
831 1551 902 1600 tuae
917 1547 1033 1600 vicinae
1048 1541 1160 1600 Salutis
1171 1544 1184 1611 ;'

282 1658 360 1722 quae
375 1657 423 1728 res
434 1637 642 1696 animadversa
655 1658 674 1694 a
687 1638 885 1696 multitudine
897 1659 1013 1696 summa
1024 1638 1179 1696 Brundisi-

282 1754 390 1792 norum
403 1734 608 1805 gratulatione
620 1734 774 1792 celebrata
789 1742 844 1792 est.
875 1734 959 1793 Ante
971 1734 1052 1792 diem
1063 1753 1093 1792 vr
1106 1733 1181 1794 Idus
1241 1737 1244 1745 ’

282 1830 413 1890 Sextiles
428 1834 564 1901 cognovi,
580 1819 650 1888 cum
664 1830 806 1888 Brundisi
821 1850 929 1902 essem,
943 1830 1054 1888 litteris
1069 1829 1181 1901 Quinti

280 1924 406 1983 mirifico
414 1925 516 1983 studio
525 1930 660 1984 omnium
669 1933 806 1984 aetatum
815 1934 908 1998 atque
919 1926 1068 1997 ordinum,
1081 1930 1180 1985 incre-

278 2021 364 2079 dibili
381 2041 528 2080 concursu
544 2021 651 2080 Italiae
662 2023 764 2094 legem
776 2026 905 2080 comitiis
919 2026 1097 2080 centuriatis
1112 2042 1180 2082 esse

279 2117 436 2190 perlatam.
482 2117 560 2176 Inde
574 2138 592 2175 a
607 2118 797 2176 Brundisinis
812 2118 1029 2177 honestissimis
1044 2126 1178 2191 ornatus,

277 2217 337 2272 iter
348 2218 391 2270 ita
401 2212 471 2284 feci,
484 2221 519 2271 ut
531 2214 666 2286 undique
678 2213 717 2271 ad
728 2234 778 2272 me
789 2234 859 2272 cum
869 2214 1073 2285 gratulatione
1083 2215 1179 2287 legati

280 2313 488 2379 ¹convenerint.
534 2309 585 2367 Ad
607 2311 714 2367 urbem
739 2315 783 2368 ita
807 2314 887 2381 veni,
912 2317 948 2368 ut
973 2329 1063 2367 nemo
1088 2310 1179 2369 ullius
1255 2346 1257 2361 1

280 2386 395 2463 ordinis
423 2404 514 2462 homo
536 2406 755 2463 nomenclatori
778 2413 869 2464 notus
897 2405 1000 2484 fuerit,
1023 2410 1076 2478 qui
1104 2407 1180 2464 mihi

281 2501 400 2558 obviam
414 2520 476 2557 non
491 2505 621 2573 venerit,
636 2508 758 2573 praeter
778 2521 829 2560 eos
851 2505 997 2573 inimicos,
1018 2504 1127 2584 quibus
1147 2503 1180 2561 id

282 2600 391 2668 ipsum,
406 2615 438 2655 se
457 2599 594 2655 inimicos
608 2616 685 2668 esse,
705 2617 767 2654 non
789 2597 897 2655 liceret
918 2605 972 2655 aut
990 2597 1180 2657 dissimulare

282 2700 336 2750 aut
360 2711 481 2763 negare.
526 2692 602 2750 Cum
630 2696 781 2751 venissem
805 2693 845 2751 ad
872 2701 991 2764 portam
1016 2693 1194 2767 Capenams

281 2788 393 2859 gradus
407 2787 591 2860 templorum
600 2788 755 2860 abjnfima
766 2789 857 2861 plebe
872 2789 1017 2861 completi
1031 2798 1126 2848 erant.
1150 2793 1181 2848 A

280 2904 339 2955 qua
360 2883 466 2956 plausu
485 2889 616 2941 maximo
631 2892 699 2942 cum
714 2892 795 2943 esset
814 2885 890 2943 mihi
908 2886 1072 2956 gratulatio
1086 2889 1181 2956 signi·
1252 2887 1257 2892 “

279 2979 376 3052 ficata,
392 2980 496 3038 similis
517 2988 549 3039 et
564 2980 737 3052 frequentia
752 2988 785 3039 et
807 2980 929 3053 plausus
951 3001 1117 3053 meusque
1140 2983 1181 3042 ad

278 3076 460 3148 Capitolium
474 3076 650 3148 celebravit,
665 3080 699 3134 in
713 3076 839 3148 foroque
856 3085 889 3135 et
903 3081 935 3135 in
948 3082 1015 3149 ipso
1030 3078 1182 3149 Capitolio

276 3173 414 3231 miranda
427 3173 593 3231 multitudo
607 3172 675 3231 fuit

363 3266 424 3328 260
