2498 3850
446 308 617 368 MARCUS
638 306 821 367 TULLIUS
842 307 993 367 CICERO

270 434 341 489 mici
356 438 443 488 erant
457 431 619 501 equitibus,
635 433 687 500 qui
704 410 826 487 Curioni
846 434 962 487 stantes
983 426 1168 512 plauserant,

209 580 214 585 -
270 542 373 602 hostes
396 542 553 612 omnibus;
588 543 710 600 Rosciae
739 540 929 614 legi‚,etiam
951 540 1194 622 frumentariae

270 656 496 714 minitabantur.
542 656 621 715 Sane
636 663 765 713 reserat
786 657 970 731 perturbata
1015 654 1169 726 Equidem

270 768 445 841 malueram,
473 768 555 841 quod
585 776 650 827 erat
679 776 853 841 susceptum
881 770 920 827 ab
947 768 1016 839 illis,
1045 739 1189 828 silentio,
1228 782 1233 789 '

270 887 400 955 transiri,
416 883 470 942 sed
485 902 599 954 vereor,
615 902 655 940 ne
669 903 732 940 non
751 882 849 940 liceat
895 883 966 940 Non
987 882 1093 940 ferunt
1113 882 1168 940 ho·

270 1003 377 1069 mines,
392 997 474 1070 quod
488 997 610 1055 videtur
629 1016 696 1055 esse
715 1004 819 1054 tamen
841 995 1021 1066 ferendum;
1043 996 1098 1066 sed
1120 1004 1170 1055 est

270 1115 330 1169 iam
344 1132 405 1169 una
419 1131 476 1168 vox
491 1115 626 1168 omnium
640 1092 738 1183 magis
751 1108 821 1167 odio
836 1109 953 1167 firmata
967 1129 1058 1181 quam
1080 1129 1168 1181 prae-

269 1225 353 1283 sidio.

279 1336 424 1396 “Noster
435 1345 538 1396 autem
551 1337 675 1396 Publius
685 1337 761 1394 mihi
776 1341 944 1408 minitatur,
956 1340 1095 1395 inimicus
1110 1344 1166 1395 cst.

270 1451 435 1523 Impendet
455 1455 624 1522 negotium,
643 1450 683 1508 ad
703 1449 785 1522 quod
808 1458 842 1508 tu
865 1424 981 1507 scilieet
1005 1449 1166 1509 advolabis.

269 1563 383 1621 Videor
392 1563 468 1621 mihi
481 1570 619 1622 nostrum
634 1563 722 1621 illum
732 1562 921 1621 consularem
932 1567 1100 1621 exercitum
1114 1564 1169 1621 bo·

270 1694 378 1734 norum
392 1680 537 1746 omnium,
553 1680 646 1733 etiam
660 1679 732 1733 satis
746 1675 895 1732 bonorum
908 1674 1022 1732 habere
1036 1675 1169 1733 firmissi-

270 1809 362 1847 mum.
398 1788 559 1860 Pompeius
570 1788 720 1859 significat
735 1787 869 1846 studium
880 1807 952 1859 erga
962 1808 1012 1846 me
1027 1808 1089 1845 non
1103 1809 1168 1847 me-

270 1900 392 1971 dioere3
412 1889 495 1959 idem
508 1901 648 1959 adfirmat
662 1900 788 1959 verbum
802 1901 841 1960 de
855 1921 906 1959 me
925 1902 1012 1960 illum
1024 1920 1087 1958 non
1102 1921 1169 1961 esse

271 2014 440 2103 iacturum
462 2018 494 2072 in
509 2034 569 2086 quo
583 2034 646 2072 non
659 2033 709 2072 me
725 2015 777 2072 ille
792 2014 880 2087 fallit,
895 2015 949 2073 sed
964 2020 1027 2088 ipse
1042 2014 1166 2074 fallitur.

272 2130 417 2188 Cosconio
438 2137 557 2187 mortuo
578 2148 645 2187 sum
666 2133 699 2185 in
720 2134 785 2187 eius
808 2129 908 2187 locum
932 2134 1085 2188 invitatus.
1131 2130 1169 2188 ld

215 2207 222 2228 l
272 2250 338 2311 erat
351 2246 450 2300 vocari
463 2247 496 2299 in
510 2241 611 2300 locum
624 2246 744 2299 mortui.
790 2241 875 2299 Nihil
889 2261 939 2300 me
954 2247 1072 2314 turpius
1086 2243 1168 2315 apud

271 2356 410 2415 homines
424 2355 532 2413 fuisset
542 2375 642 2427 neque
654 2375 726 2414 vero
736 2355 776 2413 ad
789 2359 879 2413 istam
893 2359 988 2427 ipsam
1000 2353 1169 2426 ἀσφάλειαν

271 2474 433 2542 quicquam
451 2469 586 2527 alienius
632 2470 711 2528 Sunt
733 2474 816 2528 enim
836 2469 881 2526 illi
902 2469 984 2542 apud
1005 2470 1101 2529 bonos
1122 2475 1168 2529 in-
1190 2472 1192 2477 ’

271 2581 388 2655 vidiosi,
405 2603 467 2655 egov
482 2583 564 2655 apud
586 2584 737 2655 improbos
759 2603 858 2641 meam
880 2586 1073 2641 retinuissem
1092 2588 1169 2642 invi·

271 2697 363 2768 diam,
384 2696 515 2755 alienam
537 2696 777 2769 adsumpsissem.
823 2696 931 2755 Caesar
952 2716 1001 2754 me
1024 2699 1081 2755 sibi
1100 2698 1169 2773 uult
1232 2694 1234 2699 ⁴

271 2831 337 2870 esse
360 2811 504 2884 legatum.
550 2811 718 2869 Honestior
739 2810 902 2869 declinatio
924 2810 1000 2870 haec
1023 2811 1169 2900 periculi3

271 2926 326 2985 sed
340 2946 399 2998 ego
413 2926 470 2984 hoc
485 2947 547 2984 non
562 2924 696 2998 repudio.
742 2924 826 2997 Quid
847 2944 920 2997 ergo
940 2925 1010 2983 est?
1031 2944 1169 2998 pugnare

270 3038 358 3097 malo.
403 3038 489 3097 Nihil
517 3046 621 3096 tamen
650 3043 734 3095 certi.
780 3036 896 3096 Iterum
925 3038 993 3095 dico
1023 3024 1170 3097 “utinam

270 3148 410 3207 adesses!
420 3148 438 3168 ’⁹
483 3145 543 3206 Sed
565 3154 680 3217 tamen,
695 3151 720 3203 si
742 3151 800 3204 erit
821 3166 955 3217 necesse,
973 3167 1167 3217 arcessemus.

357 3241 414 3303 168
