2484 3854
456 311 626 371 MARCUS
648 309 830 369 TULLIUS
852 309 1002 368 CICERO

324 436 420 492 Venio
434 454 515 492 nunc
530 433 569 492 ad
583 451 720 491 mensem
735 431 907 490 Ianuarium
919 439 952 493 et
966 432 1006 490 ad
1016 430 1180 491 ὑπόσταιίιν

281 540 416 589 nostram
431 551 465 587 ac
479 527 637 599 πολιτείαν,
654 533 686 586 in
708 548 767 599 qua
785 527 969 598 Σωκρατικῶς
984 527 1022 590 εἰς
1036 527 1177 600 ἑκάτερον,

280 627 444 685 sedtamen
451 626 489 684 ad
496 633 675 695 extremum,
682 624 920 694 utillisolebant,
927 620 1179 696 τὴνᾶρὲσκουσαν.

284 722 340 779 Est
359 742 407 779 res
429 742 500 779 sane
522 725 625 791 magni
647 720 778 787 consilii;
799 740 870 777 nam
891 727 945 777 aut
966 719 1087 778 fortiter
1106 725 1179 778 resi-

282 798 425 875 stendum
441 825 488 875 est
505 816 567 886 legi
584 820 728 886 agrariae,
743 820 775 872 in
790 835 850 887 quo
865 822 912 872 est
926 815 1075 887 quaedam
1089 816 1179 874 dimi-

281 918 370 984 catio,
386 913 440 971 sed
461 913 553 984 plena
573 912 681 982 laudiS,
703 919 756 969 aut
777 910 1006 982 quiescendum,
1027 911 1109 983 quod
1131 920 1180 971 est

281 1030 343 1067 non
357 1008 501 1067 dissimile
516 1016 608 1079 atque
623 1012 667 1064 ire
682 1012 713 1063 in
734 1006 889 1066 Solonium
904 1014 957 1064 aut
972 1007 1110 1079 Antium,
1125 1017 1179 1066 aut

282 1110 374 1163 etiam
397 1104 610 1174 adiuvandum,
628 1088 710 1174 duod
732 1124 750 1160 a
772 1122 822 1160 me
845 1106 931 1160 aiunt
954 1103 1112 1161 Caesarem
1136 1108 1179 1161 sic

282 1209 467 1273 exspectare,
479 1209 514 1258 ut
529 1220 590 1256 non
605 1200 734 1257 dubitet.
780 1200 859 1256 Nam
874 1198 933 1257 fuit
947 1200 1028 1270 apud
1042 1219 1091 1257 me
1107 1200 1179 1258 Cor-

282 1298 389 1368 nelius,
404 1297 486 1354 hunc
509 1296 577 1353 dico
601 1296 738 1366 Balbum,
761 1296 894 1352 Caesaris
916 1295 1102 1353 familiarem.
1148 1296 1180 1355 Is

281 1392 459 1450 adfirmabat
478 1392 564 1449 illum
584 1393 723 1448 omnibus
744 1396 776 1447 in
797 1392 887 1449 rebus
908 1411 977 1449 meo
998 1399 1031 1449 et
1054 1391 1180 1463 Pompei

282 1488 405 1545 consilio
417 1508 541 1544 usurum
552 1488 753 1558 daturumque
765 1506 897 1558 operam,
907 1494 942 1544 ut
954 1508 1022 1545 cum
1035 1487 1180 1558 Pompeio

282 1584 421 1641 Crassum
449 1587 656 1653 coniungeret.
703 1583 764 1639 Hic
794 1591 865 1641 sunt
892 1583 978 1653 haec,
1005 1587 1179 1641 coniunctio

282 1679 356 1736 mihi
382 1700 497 1736 summa
523 1699 592 1736 cum
623 1679 776 1750 Pompeio,
802 1683 826 1736 si
846 1679 966 1750 placet,
990 1682 1082 1736 etiam
1108 1699 1179 1737 cum

282 1776 418 1846 Caesare,
433 1775 549 1833 reditus
572 1779 605 1831 in
627 1779 756 1844 gratiam
780 1795 848 1831 cum
869 1778 1008 1845 inimicis,
1028 1795 1086 1846 pax
1109 1795 1179 1832 cum

282 1871 490 1942 multitudine,
502 1874 668 1928 senectutis
682 1874 786 1927 otium.
798 1912 800 1916 -
811 1869 873 1928 Sed
883 1889 933 1926 me
946 1868 1099 1932 κατακλεὶς
1109 1891 1180 1928 mea

281 1967 333 2024 illa
348 1974 526 2037 commovet,
541 1986 618 2037 quae
634 1970 726 2023 estin
741 1966 818 2022 libro
832 1970 939 2023 tertio:

325 2110 473 2199 “Interea
488 2143 600 2194 cursuS,
615 2143 689 2194 quos
704 2127 800 2194 prima
814 2144 832 2179 a
846 2130 932 2194 parte
947 2127 1089 2181 iuventae

324 2207 468 2279 Quosque
483 2207 559 2264 adeo
575 2206 679 2264 consul
694 2211 807 2264 virtute
822 2211 982 2278 animoque
997 2210 1112 2278 petisti,

325 2292 392 2348 Hos
402 2295 501 2348 retine
511 2299 603 2361 atque
613 2310 690 2360 auge
702 2289 813 2347 famam
824 2289 989 2360 laudesque
1000 2291 1178 2348 bonorum.”

283 2448 371 2504 Haec
382 2447 456 2504 mihi
472 2468 540 2504 cum
554 2452 586 2503 in
602 2467 638 2504 eo
653 2448 739 2519 libr0,
751 2453 783 2504 in
797 2468 857 2519 quo
871 2447 968 2505 multa
982 2455 1053 2506 sunt
1068 2453 1182 2521 scripta

284 2543 538 2615 ἀριστοκρατικῶς,
546 2543 679 2615 Calliope
689 2548 752 2615 ipsa
761 2547 996 2616 praescripserit,
1003 2564 1064 2601 non
1073 2549 1182 2616 opinor

283 2659 348 2697 esse
363 2634 574 2710 dubitandum,
590 2644 663 2711 quin
678 2659 798 2713 semper
811 2641 897 2697 nobis
911 2639 1050 2698 videatur

400 2796 438 2860 εἷς
454 2796 549 2860 οἰωνὸς
564 2797 681 2868 ἄριστος
696 2796 855 2869 ἀμύνεσθαι
870 2796 934 2868 περὶ
948 2796 1065 2868 πάτρης.

324 2963 385 3022 Sed
401 2962 476 3020 haec
488 2962 741 3020 ambulationibus
757 2963 971 3035 Compitaliciis
982 2983 1181 3024 reservemus.

282 3059 328 3117 Tu
354 3059 452 3131 pridie
475 3059 655 3130 Compitalia
668 3067 841 3147 memento.
887 3058 1045 3117 Balineum
1068 3060 1184 3120 calfieri

282 3156 399 3213 iubebo.
446 3155 486 3212 Et
517 3154 711 3226 Pomponiam
741 3154 886 3213 Terentia
913 3163 1015 3226 rogam
1050 3164 1184 3217 matrem

368 3262 425 3322 116
