2526 3850
427 333 597 393 MARCUS
618 332 801 393 TULLIUS
822 331 973 391 CICERO

293 455 357 513 Nos
370 455 422 513 hic
435 474 573 513 voramus
586 455 705 512 litteras
719 475 789 512 cum
802 454 926 511 homine
947 449 1072 509 mirifico
1091 434 1152 516 (ita

250 551 426 610 mehercule
449 539 563 620 sentio)
592 550 748 622 Dionysio,
771 555 823 622 qui
850 558 884 608 te
907 565 1073 618 omnesque
1095 561 1150 600 vos

251 647 372 705 salutat

294 740 384 802 Οὐδὲν
398 741 577 813 γλυκύτερον
590 741 608 814 ἦ
623 740 704 800 πάντ’
720 740 827 801 εἰδέναι.
866 739 968 813 Quare
982 746 1018 797 ut
1031 737 1148 794 homini

252 842 368 896 curioso
387 842 431 896 ita
452 839 605 909 perscribe
624 838 664 896 ud
685 858 745 909 me,
760 838 834 910 quid
852 841 967 909 prImus
984 835 1059 904 dies,
1074 830 1149 903 quid

252 935 412 1005 secundus,
422 933 496 1005 quid
510 953 661 1004 censores7
671 934 745 1005 quid
757 934 884 1005 Appius,
890 932 964 1004 quid
978 931 1031 987 illa
1044 926 1150 1001 populi

252 1030 418 1102 Appuleia;
440 1030 573 1102 denique
588 1034 691 1100 etiam,
702 1030 776 1101 quid
790 1050 808 1086 a
821 1037 855 1087 te
869 1029 931 1099 lint,
942 1027 982 1085 ud
995 1045 1046 1083 me
1056 1023 1149 1081 velim

252 1127 371 1184 scribas.
416 1125 486 1183 Non
511 1129 603 1196 enim,
624 1133 661 1183 ut
684 1145 756 1183 vere
781 1125 949 1197 loquamur,
971 1130 1035 1180 tam
1057 1120 1150 1178 rebus

251 1226 337 1279 novis
350 1242 441 1294 quam
455 1225 516 1280 tuis
529 1222 641 1280 litteris
654 1221 800 1280 delector.

294 1317 361 1389 Ego
379 1338 500 1376 mecum
524 1325 646 1389 praeter
666 1317 847 1388 Dionysium
867 1316 959 1374 eduxi
981 1316 1148 1382 neminem,

252 1433 310 1471 nec
324 1420 429 1470 metuo
448 1421 563 1485 tamen,
583 1433 623 1471 ne
638 1413 714 1470 mihi
733 1433 832 1471 sermo
851 1412 950 1470 desit:
971 1416 1015 1468 ita
1037 1410 1075 1469 ab
1089 1412 1158 1466 isto·

252 1495 363 1580 puero1
378 1508 522 1566 delector.
567 1508 614 1565 Tu
629 1509 760 1566 Lucceio
773 1516 911 1567 nostrum
927 1507 1039 1564 librum
1052 1505 1147 1563 dabis.

253 1603 393 1662 Demetri
408 1604 563 1675 Magnetis
577 1607 634 1662 tibi
649 1609 750 1676 mitto,
765 1609 869 1662 statim
883 1611 919 1662 ut
932 1607 982 1674 sit,
1002 1606 1055 1674 qui
1073 1621 1092 1657 a
1114 1607 1150 1658 te

251 1699 327 1757 mihi
342 1699 503 1772 epistulam
517 1699 638 1759 referat.

668 2004 730 2062 XII

543 2119 648 2158 CICERO
669 2120 776 2159 ATTICO
797 2120 855 2159 SAL.

40 2193 99 2253 Sor.
111 2216 146 2253 m.
164 2194 237 2254 Mat.
294 2196 443 2267 Egnatius
459 2196 571 2255 Romae
586 2205 641 2255 est.
687 2197 749 2256 Sed
760 2217 819 2268 ego
829 2217 899 2255 cum
910 2215 947 2254 eo
958 2196 997 2253 de
1012 2213 1044 2253 re
1060 2194 1148 2252 Hali·

41 2299 68 2337 a.
85 2279 147 2336 699

251 2296 328 2350 meti
337 2292 538 2351 vehementer
549 2292 625 2350 Anti
637 2297 694 2363 egi.
737 2293 878 2351 Graviter
888 2312 921 2350 se
932 2299 1069 2349 acturum
1078 2311 1148 2348 cum

252 2387 375 2459 Aquilio
390 2387 584 2446 confirmavit
624 2388 748 2447 Videbis
759 2408 833 2460 ergo
842 2389 1009 2458 hominem,
1019 2390 1044 2445 si
1054 2386 1146 2445 voles.

252 2483 389 2541 Macroni
403 2487 452 2541 vix
466 2483 571 2542 videor
589 2492 710 2557 praesto
730 2504 796 2543 esse
815 2503 919 2557 posse3
941 2483 1045 2543 Idibus
1065 2486 1148 2541 enim

251 2582 424 2638 auctionem
439 2579 542 2638 Larirri
550 2580 640 2639 video
654 2588 688 2639 et
701 2581 828 2639 biduum
839 2588 1006 2653 praeterea
1050 2578 1088 2638 Id
1102 2587 1148 2650 tu,

251 2679 394 2746 quonism
408 2676 585 2734 Macronem
603 2681 683 2734 tanti
702 2677 787 2748 facis,
800 2681 937 2749 ignoscas
956 2675 1031 2733 mihi
1045 2674 1145 2733 velim

252 2770 325 2842 Sed,
339 2775 364 2828 si
378 2791 429 2830 me
443 2770 555 2843 diligis,
569 2773 715 2844 postridie
732 2772 798 2829 Kal.
815 2792 892 2831 cena
913 2771 995 2844 apud
1012 2790 1065 2829 me
1078 2789 1148 2828 cum

253 2865 335 2923 Pilia.
382 2866 505 2925 Prorsus
520 2867 552 2926 id
566 2867 666 2925 facies.
713 2867 860 2926 Kalendis
880 2871 982 2939 cogIto
999 2871 1033 2924 in
1051 2866 1149 2924 hortis

252 2961 436 3034 Crassipedis
445 2967 529 3034 quasi
538 2967 570 3020 in
580 2963 752 3022 deversorio
761 2984 878 3022 cenare.
911 2964 1000 3020 Facio
1008 2961 1148 3020 fraudem

251 3066 374 3117 senatus
383 3059 529 3117 consulto.
575 3058 652 3117 Inde
664 3060 789 3118 domum
799 3067 935 3131 cenatus,
946 3066 981 3117 ut
990 3062 1046 3116 sim
1056 3077 1147 3116 mane

354 3171 407 3221 'ita
419 3171 456 3222 ab
468 3171 520 3221 isto
532 3189 616 3236 puero
627 3172 764 3238 Madvig:
781 3173 832 3223 abs
844 3179 870 3223 te
882 3190 963 3237 opere
974 3172 1047 3222 codd.

336 3286 396 3339 300
