2512 3958
403 358 406 361 “
449 404 619 466 uiscus
640 405 824 467 ruimus
844 406 996 467 cicaro

273 525 422 596 offensior,
440 547 458 584 a
474 546 524 585 me
542 527 677 599 recolligi
696 536 846 600 oportere,
863 536 966 601 teneo,
983 530 1058 601 quid
1076 530 1169 604 dicas,

272 641 372 693 neque
392 622 424 681 id
445 622 577 694 neglexi,
600 624 654 681 sed
679 632 727 682 est
747 629 823 682 miro
847 625 979 696 quodam
1001 626 1092 684 modo
1116 627 1169 686 ad·
1220 640 1221 655 ³

272 716 379 776 fectus.
412 718 478 791 Ego
492 727 604 790 autem,
620 739 697 790 quae
711 720 842 779 dicenda
855 720 980 779 fuerunt
994 722 1033 780 de
1049 730 1091 794 te,
1106 743 1168 783 non
1220 744 1221 803 ξ

271 819 429 885 praeterii,
450 814 524 886 quid
548 823 652 873 autem
673 816 922 875 contendendum
942 826 1032 889 esset,
1056 838 1094 875 ex
1115 827 1169 879 tua

270 910 416 981 putabam
426 911 582 969 voluntate
593 932 643 969 me
655 920 788 969 statuere
803 920 951 984 oportere.
982 912 1082 985 Quam
1093 920 1118 974 si
1129 917 1169 975 ad
1220 918 1221 985 ᾗ

204 1028 208 1033 ·
270 1026 320 1065 me
338 1011 555 1079 perscripseris,
569 1007 732 1079 intelleges
751 1026 800 1065 me
820 1028 921 1079 neque
941 1009 1168 1082 diligentiorem
1220 1064 1221 1071 ,

271 1122 336 1161 esse
353 1103 492 1185 voluisse,
509 1123 600 1175 quam
620 1111 654 1161 tu
675 1123 765 1174 esses,
782 1123 883 1175 neque
902 1105 1168 1178 neglegentiorem

269 1197 343 1269 fore,
358 1219 449 1270 quam
462 1207 498 1257 tu
513 1199 594 1257 velie.
1220 1268 1221 1279 χ

311 1295 359 1352 De
378 1294 512 1352 Tadiana
534 1315 567 1352 re
589 1315 709 1353 mecum
729 1295 840 1353 Tadius
862 1295 981 1354 locutus
1001 1304 1048 1354 est
1070 1304 1102 1354 te
1123 1301 1167 1356 ita
1220 1288 1221 1295 ἵ

268 1395 430 1462 scripsisse,
445 1391 522 1448 nihil
539 1410 605 1448 esse
622 1395 692 1460 iam,
709 1391 791 1462 quod
808 1391 1004 1462 laboraretur,
1022 1397 1165 1463 quoniam

267 1486 421 1543 hereditas
432 1506 488 1543 usu
499 1494 588 1557 capta
599 1495 687 1544 esset.
728 1486 765 1544 ld
779 1488 961 1544 mirabamur
971 1495 1003 1545 te
1015 1492 1164 1562 ignorare,

267 1582 307 1641 de
319 1581 417 1639 tutela
427 1582 573 1653 legitima,
585 1586 618 1639 in
628 1602 688 1653 qua
698 1582 810 1640 dicitur
821 1602 886 1640 esse
897 1583 1008 1654 puella,
1020 1583 1096 1640 nihil
1108 1605 1164 1644 usu

268 1661 345 1750 capi..
367 1697 462 1748 posse.
515 1678 699 1750 Epiroticam
736 1682 922 1750 emptionem
955 1679 1074 1749 gaudeo
1107 1681 1165 1738 tibi

267 1773 395 1845 placere.
440 1772 527 1845 Quae
546 1776 603 1832 tibi
622 1773 772 1844 mandavi,
792 1781 825 1832 et
846 1792 924 1844 quae
946 1781 981 1832 tu
1001 1774 1164 1846 intelleges

266 1874 428 1928 convenire
445 1877 548 1928 nostro
565 1869 745 1941 Tusculano,
762 1870 863 1940 velim,
884 1878 919 1927 ut
935 1871 1048 1941 scribis,
1067 1890 1163 1943 cures,

266 1967 348 2037 quod
368 1971 432 2025 sine
447 1967 586 2025 molestia
600 1974 653 2024 tua
666 1965 767 2024 facere
781 1970 902 2037 poteris.
947 1966 1027 2023 Nam
1048 1964 1103 2024 no's
1124 1988 1164 2026 ex
1220 1952 1221 1967 ἶ

266 2065 405 2122 omnibus
426 2046 572 2121 molestiis
593 2070 626 2120 et
646 2062 798 2120 laboribus
815 2082 875 2119 uno
892 2061 945 2118 illo
959 2066 991 2119 in
1010 2062 1077 2120 loco
1091 2084 1162 2122 con-

265 2163 454 2231 quiescimus.
493 2157 644 2230 Quintum
662 2157 788 2215 fratrem
810 2157 922 2215 cotidie
942 2166 1160 2230 exspectamus.
1220 2206 1221 2211 ,

265 2254 409 2313 Terentia
419 2274 545 2326 magnos
556 2253 750 2312 articulorum
761 2252 879 2310 dolores
890 2253 992 2311 habet.
1030 2254 1071 2310 Et
1085 2261 1117 2311 te
1130 2263 1162 2312 et

233 2416 237 2417 ff
264 2371 397 2410 sororem
410 2360 496 2409 tuam
510 2358 542 2407 et
559 2358 688 2407 matrem
707 2352 837 2406 maxime
857 2348 958 2419 diligit
972 2349 1161 2420 salutemque
1220 2344 1221 2437 J

264 2449 320 2505 tibi
338 2448 498 2518 plurimam
519 2447 641 2504 ascribit
666 2451 699 2502 et
718 2443 856 2514 Tulliola,
880 2444 1006 2502 deliciae
1029 2452 1158 2504 nostrae.

164 2612 170 2623 .
263 2544 350 2613 Cura,
374 2550 409 2600 ut
431 2542 531 2600 valeas
554 2549 587 2599 et
610 2560 665 2598 nos
688 2559 770 2597 ames
794 2546 826 2596 et
849 2541 905 2598 tibi
924 2540 1104 2611 persuadeas
1127 2548 1160 2599 te
1220 2570 1221 2603 i

262 2659 280 2699 a
294 2658 344 2698 me
359 2638 493 2697 fraterne
507 2642 608 2696 amari.

561 2917 665 2959 CICERO
680 2915 786 2956 ATTICO
801 2915 860 2954 SAL.

46 3006 106 3065 Ser.
119 3007 242 3068 Romae·
302 2999 373 3059 Non
395 3002 584 3058 committam
603 2994 740 3068 posthac,
756 2999 791 3049 ut
811 3012 861 3050 me
876 3011 1016 3051 accusare
1035 2993 1075 3051 de
1095 2997 1159 3064 epi·
1218 2990 1221 3047 4

44 3091 133 3164 paulo
143 3100 209 3163 post
261 3097 407 3155 stularum
421 3095 620 3166 neglegentia
634 3093 744 3161 possis3
758 3095 794 3145 tu
805 3088 895 3147 modo
906 3088 1019 3160 videto,
1028 3092 1060 3145 in
1071 3097 1158 3148 tanto

47 3175 96 3234 IV
108 3175 146 3233 K·
160 3176 229 3236 Dec·
260 3197 322 3251 otio
342 3201 377 3251 ut
399 3213 453 3267 par
473 3196 505 3248 in
531 3189 589 3247 hoc
609 3185 684 3242 mihi
709 3187 756 3240 sis.
812 3183 945 3241 Domum
969 3183 1158 3242 Rabirianam
1215 3206 1221 3265 3

46 3260 146 3319 &68⁶
260 3289 398 3361 Neapoli,
424 3307 515 3360 quam
538 3293 573 3343 tu
602 3287 662 3339 iam
685 3280 853 3337 dimensam
876 3287 909 3337 et
932 3280 1158 3339 exaedificatam

344 3371 382 3432 16
