2526 3850
450 311 620 370 MARCUS
642 310 824 370 TULLIUS
847 309 997 369 CICERO

318 433 466 491 Postridie
491 437 524 490 in
545 439 664 503 senatu,
689 435 742 504 qui
764 431 824 488 fuit
846 431 912 489 dies
938 431 1095 499 Nonarum
1120 431 1175 489 Se-

275 530 417 601 ptembr,
432 533 552 587 senatui
566 532 679 599 gratias
693 532 819 597 egimus
844 527 890 584 Eo
904 527 997 585 biduo
1009 547 1078 584 curn
1093 535 1175 585 esset

273 645 412 682 annonae
422 645 539 682 summa
548 628 666 694 caritas,
673 631 706 681 et
714 623 898 681 hominesad
906 623 1175 695 theatrumprimo,

210 798 220 814 .
274 721 387 779 deinde
401 721 440 778 ad
455 728 596 778 senatum
610 724 843 790 concurrissent,
858 719 989 793 impulsu
1005 718 1091 776 Clodi
1105 739 1175 777 mea
1197 712 1200 719 ’

274 837 366 889 opera
380 815 526 874 frumenti
540 820 674 887 inopiam
686 835 755 888 ¹esse
771 815 948 885 clamarent,
963 835 1032 872 eum
1052 835 1107 887 per
1123 835 1174 873 eos

274 913 340 971 dies
354 909 478 970 senatus
492 911 532 970 de
543 932 664 969 annona
674 911 850 982 haberetur,
861 911 944 971 etad
959 915 1023 968 eius
1035 930 1174 982 procura-

274 1012 391 1067 tionem
405 1027 544 1066 sermone
560 1028 621 1064 non
633 1007 731 1064 solum
741 1007 849 1078 plebis,
860 1027 967 1065 verum
977 1011 1071 1064 etiam
1081 1007 1174 1064 bono·

275 1124 342 1163 rum
383 1103 543 1176 Pompeius
582 1111 749 1173 vocaretur,
789 1103 882 1174 idque
929 1107 994 1174 ipse
1039 1109 1175 1174 cuperet,

275 1200 501 1271 multitudoque
526 1220 544 1256 a
566 1219 616 1256 me
639 1203 830 1270 nominatim,
851 1205 887 1256 ut
910 1199 942 1256 id
968 1199 1175 1269 decernerem,

275 1295 454 1369 postularet,
473 1294 533 1352 feei
554 1303 586 1352 et
609 1279 749 1352 accurate
774 1300 960 1352 sententiam
983 1295 1054 1352 dixi.
1099 1293 1176 1351 Cum

276 1393 419 1458 abessent
444 1391 625 1461 consulares
649 1391 731 1461 quod
757 1397 826 1448 tuto
855 1411 888 1450 se
913 1398 1065 1462 negarent
1087 1409 1176 1462 posse
1196 1403 1200 1409 ’

276 1491 462 1546 sententiam
481 1487 594 1557 dicere,
616 1494 738 1558 praeter
762 1487 936 1546 Messallam
952 1495 985 1545 et
1005 1486 1175 1556 Afranium,

276 1583 454 1642 factumest
476 1590 599 1641 senatus
619 1583 792 1641 consultum
811 1588 844 1640 in
864 1603 964 1641 meam
979 1585 1176 1653 sententiam,

277 1687 313 1738 ut
336 1699 405 1737 cum
429 1667 573 1751 Pompeio
592 1686 744 1749 ageretur,
768 1686 804 1736 ut
823 1699 891 1736 earn
912 1698 977 1736 rem
999 1682 1177 1750 susciperet,

277 1776 388 1846 lexque
403 1774 543 1833 ferretur.
589 1773 658 1845 Quo
673 1782 796 1839 senatus
812 1774 950 1832 consulto
964 1779 1092 1832 recitato
1107 1793 1178 1831 cum

277 1891 361 1929 more
390 1871 448 1928 hoc
472 1870 586 1928 insulso
612 1878 645 1928 et
670 1889 748 1927 novo
771 1859 918 1941 populusl
943 1870 1082 1942 plausum
1106 1889 1178 1927 meo
1247 1863 1253 1876 '

278 1969 400 2025 nomine
412 1967 569 2024 recitando
580 1952 728 2037 dedisset,
739 1965 831 2023 habui
844 1970 1025 2023 contionem.
1061 1965 1178 2023 Omnes

278 2066 472 2134 magistratus
491 2068 668 2134 praesentes
691 2069 813 2133 praeter
836 2082 931 2119 unum
953 2069 1124 2133 praetorem
1145 2069 1179 2119 et

279 2159 354 2226 duos
374 2160 511 2223 tribunos
531 2158 571 2229 pl.
594 2158 755 2216 dederunt.
802 2156 950 2215 Postridie
974 2165 1096 2215 senatus
1117 2156 1178 2215 fre·

279 2273 376 2326 quens
391 2262 542 2313 etomnes
562 2254 734 2311 consulares
753 2253 830 2315 nihil
851 2253 994 2324 Pompeio
1011 2253 1180 2325 postulanti

279 2358 441 2421 negarunt.
486 2350 543 2407 Ille
565 2350 683 2419 legatos
709 2349 883 2420 quindecim
908 2369 978 2406 cum
994 2348 1179 2421 «postularet,

280 2465 331 2504 me
344 2430 513 2516 principem
528 2450 746 2503 nominavit-et
762 2446 801 2503 ad
816 2448 917 2502 omnia
930 2446 980 2503 me
1000 2445 1131 2503 alterum
1145 2464 1179 2504 se

280 2541 345 2600 fore
373 2542 458 2599 dixit.
516 2541 633 2612 Legem
662 2541 801 2600 consules
837 2546 1090 2613 conscripserunt,
1119 2562 1180 2613 qua

282 2637 425 2709 Pompeio
439 2658 494 2710 per
514 2642 757 2709 quinquennium
777 2642 874 2696 omnis
896 2645 1031 2709 potestas
1054 2642 1099 2695 rei
1116 2637 1179 2697 fru-

280 2738 447 2792 mentariae
483 2742 550 2792 toto
587 2735 659 2791 orbe
696 2742 844 2792 terrarum
881 2734 1014 2806 daretur,
1050 2734 1179 2792 alteram

281 2823 421 2893 Messius,
446 2827 498 2894 qui
527 2827 624 2881 omnis
660 2826 807 2894 pecuniae
843 2823 897 2881 dat
931 2830 1117 2894 potestatem
1147 2830 1180 2880 et

279 2911 420 2983 adiungit
435 2912 561 2970 classem
576 2919 609 2970 et
624 2917 793 2970 exercitum
807 2908 840 2970 et
853 2915 949 2970 maius
963 2916 1124 2984 imperium
1146 2915 1179 2968 in

279 3005 450 3072 provinciis
466 3021 556 3072 quam
576 3005 616 3059 sit
633 3020 748 3072 eorum,
766 3005 818 3072 qui
838 3021 888 3059 eas
908 3002 1076 3059 obtineant.
1122 2999 1180 3059 Illa

280 3098 383 3148 nostra
404 3090 456 3147 lex
485 3090 648 3148 consularis
676 3109 759 3147 nunc
783 3090 923 3148 modesta
947 3089 1077 3161 videtur,
1103 3089 1180 3149 haec

384 3281 404 3341 6
538 3205 673 3270 ¹populus
690 3205 779 3254 added
794 3204 827 3268 by
843 3206 911 3254 Boot

363 3291 381 3340 2
405 3289 423 3341 Ξ
