2498 3850
438 308 615 371 MARCUS.
630 308 813 368 TULLIUS
834 307 984 367 CICERO

264 427 348 508 Quid
382 429 487 487 aliud?
522 429 639 502 quid?··
655 430 732 487 'Hoc
768 433 881 501 opinor.
899 481 900 484 ,
938 428 1027 486 Certi-
1057 446 1157 485 sumus

264 542 377 609 perisse
391 543 510 607 omnia3
531 537 606 619 quid
619 541 702 596 enim
717 534 889 609 ἀκκιζόμεθα
902 544 967 594 tam
981 527 1055 594 diu?

306 645 369 704 Sed
389 645 465 704 haec
481 650 586 718 scripsi
605 665 769 718 properans
791 653 825 704 et
845 644 1020 703 mehercule
1041 643 1155 702 timide.

266 754 394 812 Posthac
415 755 456 812 ad
477 762 510 813 te
531 736 594 826 aut,
616 759 642 812 si
662 735 840 826 perfidelem
862 753 992 824 habebo,
1006 757 1055 811 cui
1079 752 1159 824 dem,

265 865 393 922 scribam
417 863 516 935 plane
533 868 643 934 omnia,
668 871 731 934 aut,
758 867 782 920 si
800 864 937 921 *obscure
962 863 1100 932 scribam,
1124 869 1159 919 tu

264 980 369 1030 tamen
392 972 561 1043 intelleges.
607 971 645 1028 In
668 976 703 1028 iis
727 971 863 1043 epistulis
884 990 934 1029 me
959 970 1105 1040 Laelium,
1127 977 1160 1027 te

266 1081 390 1139 Furium
403 1080 530 1150 faciam3
551 1087 654 1138 cetera
668 1087 758 1138 erunt
773 1077 802 1138 ἐν
816 1078 967 1150 αἰνιγμοῖς.
1009 1078 1071 1155 Hic
1087 1078 1161 1136 Cae·
1239 1134 1240 1151 2

265 1186 368 1244 cilium
392 1186 518 1246 colimus
546 1194 579 1244 et
607 1188 799 1254 observamus
827 1174 999 1256 diligenter.
1052 1183 1161 1242 Edicta

266 1295 367 1381 Bibuli
389 1295 478 1383 audio
500 1294 540 1352 ad
562 1303 595 1352 tc
618 1299 715 1352 missa.
761 1293 802 1352 Iis
823 1294 911 1352 ardet
935 1293 1039 1351 dolore
1061 1300 1095 1349 et
1119 1296 1163 1350 ira
1234 1314 1240 1429 <

265 1409 369 1460 noster
385 1402 552 1474 Pompeius.

113 1903 115 1906 ,
566 1853 670 1910 crcuno
687 1872 792 1910 eruco
807 1870 873 1910 san

56 1969 115 2028 Scr,
129 1969 236 2027 Rom
310 1963 450 2034 Anicato,
464 1969 500 2019 ut
513 1969 546 2020 te
561 1961 639 2019 velle
655 1950 874 2031 intellexeram,
889 1960 974 2018 nullo
987 1960 1053 2017 loco
1067 1958 1163 2019 defui.

56 2075 90 2110 m·
106 2052 198 2120 Quint.
213 2074 239 2110 a·
270 2074 463 2131 Numestium
483 2061 520 2128 ex
539 2070 650 2128 litteris
669 2074 730 2140 tuis
745 2054 878 2127 studiose
894 2073 1012 2141 scriptis
1030 2067 1167 2126 libenter

57 2137 119 2194 695
269 2186 303 2239 in
312 2185 475 2239 amicitiam
485 2183 595 2251 recepi.
619 2178 792 2248 Caecilium,
805 2178 913 2249 quibus
928 2178 1017 2235 rebus
1032 2152 1169 2276 possumss

269 2296 358 2348 tueor
371 2289 543 2359 diligenter.
589 2287 682 2343 Varro
697 2291 769 2344 satis
784 2286 857 2343 facit
871 2287 965 2343 nobis
1004 2285 1167 2357 Pompeius
1207 2314 1210 2321 ·

269 2404 351 2454 amat
364 2416 419 2453 nos
433 2414 576 2466 carosque
591 2394 692 2453 habet
710 2380 729 2407 “
739 2394 843 2452 Credis
853 2396 865 2450 ?
875 2394 892 2414 '’
905 2397 1030 2465 inquies.
1049 2393 1169 2463 Cred03

269 2524 389 2578 prorsus
409 2503 484 2561 mihi
506 2503 687 2575 persuadet;
708 2502 773 2573 sed,
788 2506 858 2574 quia
877 2481 966 2572 volgo
987 2506 1167 2574 pragmatici
1239 2512 1240 2557 3

269 2613 407 2670 homines
421 2613 560 2670 omnibus
579 2611 721 2682 historiis
736 2615 915 2682 praeceptis,
930 2611 1065 2667 versibus
1079 2609 1167 2667 deni·
1239 2606 1240 2675 ἶ

269 2741 329 2794 que
340 2740 446 2778 cavere
456 2721 568 2777 iubent
580 2728 612 2778 et
623 2726 730 2777 vetant
744 2718 879 2790 credere,
890 2718 1021 2803 alterum
1032 2717 1120 2789 facio,
1131 2725 1168 2776 ut

269 2849 401 2900 caveam,
416 2829 556 2899 alterum,
570 2836 606 2886 ut
620 2847 682 2884 non
697 2826 828 2897 credam,
843 2825 942 2906 facere
957 2846 1020 2883 non
1034 2845 1166 2897 possum.

270 2938 391 2997 Clodius
406 2937 505 2995 adhuc
519 2936 594 2994 mihi
608 2935 771 2993 denuntiat
784 2934 959 3006 periculum.
1006 2934 1170 3005 Pompeius

269 3046 409 3127 adfirmat
423 3065 485 3127 non
496 3064 561 3102 esse
576 3043 753 3116 periculum,
765 3042 884 3100 adiurat
895 3062 903 3112 ;
913 3042 1010 3100 'addit
1025 3046 1119 3099 etiam
1132 3062 1169 3122 „se

270 3160 353 3227 prius
364 3155 495 3212 occisum
510 3158 546 3209 iri
560 3153 599 3209 ab
611 3172 749 3224 coquam
759 3172 809 3209 me
818 3146 965 3229 'violatum
976 3154 1019 3207 iri
1044 3149 1171 3209 Tracta-

357 3268 415 3329 170
