2494 3854
433 316 605 375 Murcus
625 315 807 381 TULLIUS
829 315 979 377 cicaro
1089 278 1091 284 ⁴

259 438 348 509 Nam,
359 457 433 508 quas
449 436 544 495 Laeni
558 441 659 510 pueris
673 437 777 495 scribis
789 436 884 507 datas,
896 456 958 500 non
968 455 1154 509 acceperam.

256 562 396 644 Iucunda
410 563 450 621 de
462 563 598 633 Caesare,
610 570 643 621 et
653 551 865 634 quaesenatus
877 552 1022 633 decrevit,
1034 569 1068 619 et
1079 581 1156 634 quae

255 666 293 742 'tu
316 703 425 755 speras.
471 683 589 756 Quibus
612 683 664 741 ille
687 687 712 741 si
735 682 828 753 cedit,
852 682 925 740 salvi
948 702 1060 740 sumus.
1106 682 1155 740 In-

259 804 369 862 cendio
391 804 580 862 Plaetoriano
602 803 684 875 quod
705 802 791 862 Seius
813 804 969 861 ambustus
993 823 1035 874 es,
1057 808 1155 860 minus

260 924 388 982 moleste
405 923 478 982 fero.
524 923 671 982 Lucceius
685 924 724 982 de
740 923 778 999 Q.
795 925 896 982 Cassio
914 931 1048 982 curtam
1066 923 1157 981 vehe·
1235 982 1236 999 ἦ

260 1065 346 1103 mens
360 1045 463 1115 fuerit,
479 1053 511 1103 et
526 1045 599 1116 quid
613 1052 716 1122 actum
730 1049 779 1115 sit,
794 1064 869 1102 aveo
882 1049 967 1102 scire.

303 1166 379 1237 Ego,
395 1186 464 1224 cum
483 1165 663 1223 Laodiceam
681 1185 803 1236 venero,
819 1164 946 1237 Quinto,
961 1169 1070 1224 sororis
1087 1173 1160 1224 tuae

260 1288 331 1358 filio,
343 1295 447 1358 togam
461 1306 568 1357 puram
582 1287 688 1344 iubeor
702 1286 783 1344 dare.
829 1286 885 1343 Cui
899 1286 1080 1345 moderabor
1090 1286 1161 1345 dili-

260 1412 390 1479 gentius.
422 1407 607 1478 Deiotarus,
623 1411 706 1464 cuius
723 1406 841 1465 auxiliis
858 1411 976 1480 magnis
993 1427 1065 1466 usus
1081 1427 1161 1479 sum,

261 1529 300 1588 ad
317 1548 377 1599 me,
392 1536 427 1587 ut
444 1532 573 1600 scripsit,
588 1549 657 1586 cum
674 1528 869 1587 Ciceronibus
887 1527 1069 1586 Laodiceam
1085 1549 1161 1587 ven-

261 1658 347 1709 turus
362 1657 435 1707 erat.
479 1648 559 1705 Tuas
574 1653 666 1707 etiam
684 1649 852 1720 Epiroticas
870 1657 1014 1721 exspecto
1031 1650 1161 1721 litteras,

261 1779 297 1836 ut
311 1770 440 1831 habeam
454 1773 602 1827 rationem
617 1789 678 1826 non
693 1769 785 1827 modo
801 1773 927 1840 negotii,
943 1789 1049 1831 verum
1066 1775 1161 1829 etiam
1237 1808 1238 1811 =

261 1895 316 1949 otii
337 1894 391 1948 tui.
437 1891 569 1946 Nicanor
590 1893 622 1946 in
644 1890 739 1947 officio
761 1897 808 1948 est
830 1897 862 1947 et
883 1910 901 1947 a
921 1910 972 1948 me
994 1889 1162 1950 liberaliter

261 2017 416 2068 tractatur.
462 2008 572 2081 Quem,
582 2018 710 2082 utputo,
722 2011 848 2084 Romam
858 2031 928 2069 cum
938 2010 1050 2069 litteris
1059 2012 1161 2082 publi-

263 2136 309 2189 cis
319 2135 450 2208 mittam,
465 2103 501 2188 ut
515 2138 548 2188 et
562 2130 739 2201 diligentius
753 2130 955 2202 perferantur,
971 2139 1005 2189 et
1021 2130 1106 2199 idem
1123 2133 1163 2190 ad

263 2271 313 2310 me
332 2259 416 2310 certa
435 2251 473 2309 de
494 2258 526 2308 te
547 2259 580 2309 et
598 2272 616 2308 a
635 2259 668 2309 te
687 2250 808 2309 referat.
853 2250 959 2309 Alexis
980 2250 1061 2322 quod
1085 2253 1162 2311 mihi

263 2371 377 2424 totiens
396 2365 526 2423 salutem
545 2365 698 2435 adscribit,
719 2372 766 2422 est
785 2372 922 2435 gratum3
944 2365 1000 2423 sed
1021 2384 1076 2423 cur
1099 2386 1163 2424 non

263 2484 323 2538 suis
338 2480 449 2537 litteris
463 2479 545 2536 idem
560 2478 642 2549 facit,
655 2478 736 2551 quod
751 2498 837 2536 meus
851 2478 890 2537 ad
904 2486 937 2536 te
948 2479 1054 2537 Alexis
1069 2479 1162 2554 facit?

265 2594 391 2652 Phemio
405 2598 560 2666 quaeritur
575 2591 664 2664 κέρας.
709 2592 770 2651 Sed
785 2592 1026 2651 haechactenus.
1073 2594 1163 2663 Cura,

263 2716 299 2766 ut
309 2708 418 2778 valeas,
430 2715 463 2765 et
474 2714 509 2764 ut
520 2710 621 2777 sciam,
632 2705 754 2778 quando
766 2710 881 2776 cogites
894 2706 1026 2764 Romam.
1060 2705 1163 2765 Etiam

180 2839 185 2848 ·
262 2830 355 2892 atque
371 2825 463 2879 etiam
477 2821 552 2878 vale.

305 2935 371 2993 Tua
388 2943 518 3006 tuosque
532 2934 665 2992 Thermo
685 2942 718 2992 et
736 2953 879 3005 praesens
899 2934 1013 3006 Ephesi
1031 2935 1162 3007 dssigen·

263 3055 379 3110 tissime
394 3049 637 3108 commendaram
652 3056 684 3107 et
698 3068 780 3106 nunc
794 3068 850 3121 per
866 3032 984 3107 litteras
1000 3053 1163 3122 ipsumque

263 3164 402 3225 intellexi
414 3184 479 3222 esse
490 3162 714 3237 perstudiosum
725 3167 779 3221 tui.
811 3161 858 3221 Tu
869 3163 970 3233 velim,
979 3163 1062 3233 quod
1070 3171 1163 3251 antea

349 3271 408 3340 396
