2484 3854
520 505 561 562 Μ.
586 504 714 563 TULLI
737 505 958 566 CICERONIS

436 598 735 659 EPISTULARUM
758 599 818 658 ΑΙ)
840 599 1029 660 ATI'ICUM

547 695 671 754 LIBER
693 695 914 756 SECUNDUS

571 983 676 1021 CICERO
697 983 803 1022 ATTICO
825 985 882 1023 SAL.

70 1047 128 1104 Ser.
145 1049 252 1107 Rornae
325 1053 391 1111 Kal.
409 1053 503 1111 IuniIs
518 1058 604 1111 eunti
622 1052 696 1111 mihi
718 1054 856 1126 Antium,
872 1062 905 1112 et
925 1053 1107 1125 gladiatores
1129 1057 1172 1115 Μ.

70 1153 103 1187 m·
122 1131 182 1189 ltm-
200 1154 225 1190 a·
283 1143 403 1200 Metelli
418 1142 527 1215 cupide
545 1142 740 1214 relinquenti,
756 1147 840 1201 venit
857 1144 976 1200 obviam
996 1151 1067 1201 tuus
1088 1165 1173 1217 puer.

70 1216 131 1284 694

282 1231 312 1289 Is
326 1231 401 1289 mihi
415 1232 532 1289 litteras
547 1232 600 1288 abs
621 1239 654 1288 te
676 1239 709 1289 et
730 1236 980 1290 commentarium
1002 1231 1175 1292 consulatus

281 1325 342 1378 mei
357 1320 473 1379 Graece
488 1324 633 1391 scriptum
648 1319 790 1378 reddidit.
837 1320 873 1377 In
887 1340 947 1392 quo
961 1320 1092 1379 laetatus
1106 1342 1174 1380 sum

280 1430 330 1467 me
345 1409 499 1480 aliquanto
512 1417 586 1467 ante
600 1409 639 1466 de
654 1408 751 1466 isdem
764 1410 854 1467 rebus
873 1409 988 1467 Graece
1006 1414 1081 1468 item
1102 1415 1174 1469 scri-

280 1507 368 1571 ptum
382 1498 494 1556 librum
507 1498 541 1555 L
558 1499 692 1556 Cossinio
705 1497 745 1555 ad
759 1506 792 1556 te
806 1498 1024 1571 perferundum
1038 1498 1174 1569 dedisse;

280 1607 360 1659 nam,
376 1592 401 1646 si
421 1607 478 1658 ego
497 1596 586 1646 tuum
599 1594 672 1645 ante
689 1586 841 1657 legissem,
856 1586 989 1645 furatum
1004 1607 1055 1644 me
1072 1589 1173 1648 abste

281 1697 346 1736 esse
357 1677 481 1736 diceres.
522 1675 712 1748 Quamquam
723 1683 777 1733 tua
787 1675 839 1732 illa
849 1663 924 1746 (legi
936 1679 1017 1735 enim
1027 1666 1174 1749 libenter)
1223 1664 1234 1820 ἱ,

281 1766 434 1824 horridula
450 1765 526 1823 mihi
542 1773 635 1836 atque
652 1769 806 1836 incompta
822 1768 885 1821 visa
902 1773 982 1835 sunt,
997 1764 1051 1822 sed
1068 1773 1174 1825 tamen

280 1864 368 1914 erant
382 1862 488 1913 ornata
504 1854 562 1912 hoc
579 1858 654 1926 Ipso,
669 1853 751 1925 quod
768 1862 946 1912 ornamenta
962 1854 1172 1927 neglexerant,

280 1953 313 2003 et
327 1953 362 2003 ut
380 1944 523 2002 muIIeres
544 1943 614 2000 ideo
635 1943 714 2000 bene
736 1942 827 2013 olere,
850 1947 920 2013 quia
940 1941 1017 1999 nihil
1038 1944 1172 2016 olebant,

279 2034 467 2092 videbantur.
499 2032 588 2089 Meus
602 2039 705 2088 autem
719 2028 797 2088 liber
809 2038 910 2088 totum
921 2031 1060 2089 Isocratis
1073 2053 1173 2104 myro-

279 2122 415 2180 thecium
425 2129 518 2192 atque
529 2139 634 2177 omnes
646 2123 710 2178 eius
721 2118 935 2191 discipulorum
943 2119 1058 2177 arculas
1066 2141 1101 2178 ac
1109 2141 1173 2179 non

278 2211 355 2268 nihil
370 2215 462 2268 etiam
477 2208 655 2267 Aristotelia
665 2212 823 2278 pigmenta
833 2212 1026 2279 consumpsit.
1071 2207 1172 2280 Quem

278 2309 312 2358 tu
331 2301 487 2370 Corcyrae,
505 2306 541 2355 ut
559 2297 635 2354 mihi
653 2297 719 2354 aliis
738 2296 848 2354 litteris
868 2296 1026 2369 significas,
1042 2302 1172 2357 strictim

277 2392 417 2458 attigIsti,
432 2395 501 2459 post
515 2394 628 2456 autem,
640 2394 676 2443 ut
689 2386 827 2456 arbitror,
837 2406 856 2442 a
870 2386 1004 2444 Cossinio
1017 2392 1170 2458 accepisti.
1220 2396 1225 2407 '

278 2475 380 2548 Quem
389 2476 445 2533 tibi
455 2495 513 2547 ego
521 2494 583 2532 non
592 2494 690 2532 essem
698 2493 787 2531 ausus
795 2478 929 2546 mittere,
938 2478 997 2532 nisi
1005 2496 1075 2533 eum
1086 2474 1173 2535 lente

277 2586 312 2623 ac
326 2564 481 2623 fastidiose
492 2566 702 2637 probavissem.
747 2561 938 2635 Quamquam
947 2563 986 2622 ad
994 2584 1045 2623 me
1053 2568 1175 2637 scripsit

277 2659 337 2711 iam
348 2653 459 2712 Rhodo·
467 2652 643 2711 Posidonius
654 2670 696 2722 se,
706 2658 843 2708 nostrum
853 2651 929 2710 illud
940 2650 1092 2724 ὑπόμνημα
1102 2673 1173 2712 cum

276 2743 405 2813 legeret,
420 2742 502 2814 quod
516 2761 574 2812 ego
588 2740 627 2798 ad
642 2760 722 2810 eum,
734 2747 769 2798 ut
779 2745 913 2800 ornatius
923 2741 963 2800 de
974 2741 1070 2801 isdem
1082 2743 1174 2802 rebus

276 2833 431 2901 scriberet,
446 2835 596 2901 miseram,
611 2849 673 2887 non
687 2828 781 2896 modo
792 2848 854 2887 non
869 2835 1034 2891 excitatum
1052 2851 1119 2891 esse
1133 2833 1174 2891 ad
1223 2858 1227 2885 1

196 2921 201 2933 ’
276 2918 479 2990 scribendum,
489 2918 544 2977 sed
553 2922 646 2976 etiam
654 2915 745 2988 plane
754 2917 943 2977 deterritum.
988 2919 1070 2992 Quid
1080 2940 1175 2993 quae·
1222 2886 1228 2989 1

276 3010 335 3067 ris?
357 3010 534 3066 conturbavi
557 3006 704 3064 Graeca'm
725 3011 888 3066 nationem.
934 3008 991 3080 Ita,
1013 3009 1106 3080 vulgo
1121 3017 1176 3084 qui

275 3098 440 3167 instabant,
456 3104 491 3154 ut
505 3095 609 3153 darem
620 3095 686 3165 sibi,
698 3095 780 3165 quod
791 3103 944 3167 ornarent,
955 3101 1015 3154 iam
1026 3097 1177 3160 exhibere

275 3186 350 3246 mihi
376 3185 546 3243 molestiam
571 3182 767 3241 destiterunt.
813 3185 869 3254 Tu,
895 3190 920 3242 si
944 3188 1000 3245 tibi
1024 3187 1179 3258 placuerIt

359 3274 418 3327 100
