2480 3862
438 310 608 380 MARCUS
630 316 812 379 TULLIUS
834 314 984 378 CICERO

265 444 362 502 Puero
376 443 521 500 traderet
534 442 619 499 fratri
633 441 755 499 autem?
799 440 880 497 Illud
894 460 956 497 non
970 440 1049 498 utile
1065 442 1164 498 nobis.

264 565 343 622 Nam
357 572 479 635 praeter
492 563 617 621 fratrem
631 582 722 619 nemo
733 568 808 632 erat,
820 581 912 631 quem
926 564 991 618 sine
1002 568 1165 619 contume-

263 684 304 741 lia
318 689 480 756 quaestori,
495 683 589 741 nobili
604 686 791 754 praesertim,
806 680 1000 739 anteferrem.
1033 681 1163 752 Tamen,

264 806 338 864 dum
348 805 526 877 impendere
539 804 643 862 Parthi
654 804 845 874 videbantur,
857 810 1023 860 statueram
1034 803 1163 862 fratrem

264 926 436 996 relinquere
453 929 614 984 autetiam
633 929 677 982 rei
697 924 836 996 publicae
850 943 940 982 causa
953 930 1061 980 eontra
1076 945 1164 982 sena-
1229 940 1230 951 ¹

263 1054 313 1105 tus
331 1046 503 1103 consultum
522 1050 587 1116 ipse
605 1065 770 1102 remanere.
815 1042 877 1115 Qui
897 1051 1098 1114 posteaquam
1118 1049 1164 1102 in-

264 1166 402 1227 eredibili
416 1166 564 1224 felicitate
578 1165 792 1235 discesserunt,
807 1164 925 1222 sublata
936 1164 1089 1223 dubitatio
1105 1174 1161 1225 est

265 1286 414 1344 Videbam
434 1306 605 1345 sermones:
628 1272 648 1300 “
658 1286 733 1356 Hui,
748 1285 873 1342 fratrem
893 1284 1034 1356 reliquit!
1079 1287 1165 1345 Num

266 1416 314 1466 est
327 1409 385 1465 hoe
396 1428 458 1466 non
472 1409 540 1479 plus
551 1428 665 1465 annum
676 1410 815 1467 obtinere
827 1409 1029 1480 provinciam?
1067 1407 1163 1480 Quid,

266 1528 347 1599 quod
367 1536 489 1586 senatus
510 1549 560 1586 eos
580 1529 676 1586 voluit
692 1547 832 1619 praeesse
845 1531 1015 1599 provinciis,
1033 1532 1085 1599 qui
1101 1549 1165 1586 non

266 1648 489 1720 praefuissent?
532 1648 575 1707 At
597 1649 647 1706 hic
670 1649 882 1707 triennium!”
927 1649 1008 1720 Ergo
1028 1647 1105 1706 haec
1126 1649 1165 1707 ad
1229 1662 1230 1675 ¹

194 1752 199 1758 ⁸
266 1769 419 1841 populum.
465 1768 557 1840 Quid,
586 1766 664 1858 qliae
693 1769 817 1827 tecum?
861 1769 1034 1839 Numquam
1062 1787 1164 1826 essem

267 1892 331 1946 sine
349 1908 429 1958 eura,
445 1892 469 1944 si
486 1889 560 1959 quid
579 1889 751 1946 iracundius
771 1879 824 1945 aut
844 1889 1089 1947 contumeliosius
1109 1897 1164 1947 aut

266 2008 491 2080 neglegentius,
502 2029 579 2080 quae
591 2009 652 2068 fert
663 2015 724 2068 vita
738 2010 903 2068 hominum.
948 2009 1039 2082 Quid,
1050 2014 1077 2066 si
1088 2010 1164 2081 quid

267 2128 344 2187 lilius
358 2148 435 2200 puer
449 2137 482 2187 et
495 2150 572 2200 puer
585 2130 665 2187 bene
681 2131 737 2187 sibi
751 2129 869 2188 fidens?
891 2135 944 2202 qui
959 2137 1038 2188 esset
1052 2130 1163 2189 dolor?
1229 2100 1230 2137 l

267 2269 359 2321 quem
372 2258 460 2320 pater
474 2270 536 2311 non
551 2251 727 2325 dimittebat
740 2258 834 2322 teque
848 2252 880 2309 id
894 2271 1018 2309 censere
1032 2251 1163 2311 moleste
1229 2306 1230 2311 ,

266 2368 392 2427 ferebat.
438 2370 481 2427 At
500 2389 582 2426 nunc
600 2336 718 2428 Caelius
735 2391 797 2428 non
811 2370 879 2428 dieo
894 2371 1036 2443 equidem
1051 2357 1163 2443 “quod

267 2491 436 2561 egerit-,”
461 2490 515 2548 sed
540 2497 644 2548 tamen
669 2492 767 2549 multo
791 2484 905 2550 minus¹¹
915 2493 1025 2550 laboro.
1071 2493 1162 2553 Adde
1208 2520 1212 2526 ·

266 2609 350 2667 illud.
397 2610 566 2682 PompeiuS,
582 2631 618 2668 eo
633 2612 739 2669 robore
753 2616 807 2683 vir,
819 2617 854 2670 iis
869 2613 1027 2683 radicibus,
1040 2612 1079 2684 Q.
1093 2615 1162 2673 Cas-

266 2733 344 2787 sium
359 2734 423 2787 sine
438 2738 519 2788 sorte
534 2731 660 2803 delegit,
676 2733 784 2790 Caesar
798 2732 985 2803 Antonium;
1007 2753 1067 2805 ego
1082 2744 1162 2794 sorte

266 2849 372 2907 datum
386 2849 581 2922 offenderem,
592 2860 628 2910 ut
643 2857 735 2910 etiam
749 2857 917 2924 inquireret
930 2859 963 2910 in
977 2873 1059 2926 eum,
1071 2875 1164 2927 quem

264 2969 475 3043 reliquissem?
518 2972 588 3029 Hoc
612 2974 731 3044 melius,
757 2982 789 3032 et
811 2974 903 3033 huius
928 2980 972 3033 rei
996 2976 1086 3066 plura
1112 2998 1163 3039 ex·
1229 3038 1230 3045 χ

264 3092 374 3164 empla,
398 3097 552 3151 senectuti
580 3094 705 3165 quidem
733 3103 854 3154 nostrae
882 3096 1030 3168 profecto⁴
1049 3103 1159 3169 aptius.

266 3220 290 3227 '‘
349 3243 408 3300 472
481 3224 484 3229 ’
