2480 3862
418 283 589 347 MARCUS
609 282 792 346 TULLIUS
815 282 965 345 CICERO

243 419 310 468 toto
329 413 454 481 negotio
472 410 560 467 nobis
578 429 654 481 opus
671 429 735 466 non
751 408 818 466 sirit,
862 407 987 480 Quanto
1003 415 1058 487 tua
1075 420 1147 480 pro-

244 523 343 576 vincia
362 517 486 576 melior!
530 517 680 587 Decedes,
698 537 768 574 cum
784 516 877 587 voles,
899 519 958 573 nisi
980 514 1061 574 forte
1083 520 1145 573 iam

244 625 419 694 decessisti3
441 646 532 697 quem
547 624 710 696 videbitur,
724 624 880 697 praeficies
893 623 1095 696 Thesprotiae
1113 632 1147 682 et

244 734 404 792 Chaoniae.
439 735 579 792 Necdum
589 741 693 791 tamen
702 753 761 804 ego
769 732 921 805 Quintum
932 752 1146 804 conveneram,

244 851 280 901 ut
290 847 360 914 iam,
370 847 395 900 si
405 843 438 901 id
448 842 593 914 placeret,
602 846 720 912 scirem,
729 849 872 913 possetne
883 842 922 898 ab
931 861 968 899 eo
976 846 1147 912 impetrari3

244 970 302 1009 nec
316 958 430 1020 tamen,
441 955 466 1008 si
480 957 593 1021 posset,
604 949 678 1020 quid
688 949 809 1019 vellem,
821 948 979 1006 habebam
1014 950 1086 1006 Hoc
1099 957 1149 1007 est

244 1062 338 1129 igitur
352 1062 416 1116 eius
430 1058 521 1115 modi.

288 1166 415 1236 Reliqua
428 1165 520 1237 plena
533 1164 633 1222 adhuc
647 1173 681 1222 et
694 1165 792 1223 laudis
806 1172 840 1222 et
855 1168 982 1235 gratiae,
996 1164 1093 1235 digna
1110 1170 1149 1223 iis

244 1272 338 1345 libris,
353 1293 428 1344 quos
445 1272 591 1342 dilaudas,
609 1280 804 1330 conservatae
822 1277 971 1343 civitatee,
989 1273 1148 1332 cumulate

244 1381 413 1453 publicanis
423 1384 495 1439 satis
506 1380 631 1451 factum,
642 1380 773 1438 offensus
784 1379 968 1438 contumelia
979 1399 1082 1451 nemo,
1092 1381 1149 1439 de-

244 1497 329 1547 creto
345 1493 425 1546 iusto
443 1496 476 1547 et
492 1508 597 1546 severo
610 1493 764 1560 perpauci,
779 1508 837 1546 nec
855 1495 960 1546 tamen
974 1493 1149 1560 quisquam,

245 1604 280 1654 ut
294 1601 380 1667 queri
393 1596 515 1667 audeat,
527 1616 575 1654 res
589 1604 695 1668 gestae
707 1595 819 1666 dignae
834 1595 1008 1667 triumpho;
1030 1596 1071 1654 de
1086 1616 1150 1668 quo

245 1709 310 1776 ipso
331 1704 407 1761 nihil
430 1705 540 1776 cupide
561 1723 696 1774 agemus,
716 1708 781 1761 sine
801 1711 855 1762 tuo
875 1704 999 1775 quidem
1020 1704 1150 1761 consilio

246 1818 330 1869 certe
344 1811 428 1868 nihil.
467 1811 606 1869 Clausala
618 1818 666 1869 est
676 1811 803 1869 difficilis
818 1815 850 1868 in
863 1789 1015 1869 tradenda
1024 1816 1150 1883 provin-

246 1916 299 1969 cia
344 1910 405 1970 Sed
420 1911 496 1969 haec
510 1912 585 1970 deus
599 1912 707 1983 aliquis
721 1913 912 1982 gubernabit

289 2019 338 2077 De
352 2020 474 2077 urbanis
487 2021 578 2078 rebus
592 2020 709 2078 scilicet
723 2020 810 2091 plura
826 2027 860 2077 tu
878 2024 955 2089 seis;
976 2023 1097 2091 saepius
1116 2029 1151 2079 et

247 2124 375 2188 certiora
395 2120 499 2188 audis3
525 2121 668 2191 equidem
687 2121 776 2179 doleo
797 2140 859 2178 non
881 2140 931 2178 me
952 2125 1013 2178 tuis
1034 2119 1151 2180 litteris

106 2188 152 2245 ἰ’
246 2224 407 2278 certiorem
428 2220 500 2278 fieri.
546 2221 618 2278 Huc
640 2225 723 2278 enim
743 2221 846 2278 odiosa
866 2220 1086 2278 adferebantur
1108 2222 1150 2280 de

248 2321 387 2392 Curione,
399 2321 438 2379 de
455 2320 566 2389 Paulo;
587 2342 650 2378 non
661 2341 721 2392 quo
734 2321 832 2379 ullum
845 2320 1016 2392 periculum
1025 2321 1150 2380 videam

247 2430 348 2481 stante
364 2422 507 2494 Pompeio
522 2423 570 2480 vel
586 2427 678 2480 etiam
693 2423 831 2492 sedente,
846 2423 946 2480 valeat
959 2421 1070 2491 modo;
1093 2424 1150 2482 sed

247 2522 422 2580 mehercule
446 2523 581 2580 Curionis
607 2531 641 2580 et
666 2522 760 2594 Pauli,
782 2542 920 2581 meorum
943 2522 1149 2595 familiarium,

247 2628 345 2681 vicem
356 2623 453 2682 doleo.
495 2623 633 2680 Formam
644 2626 738 2694 igitur
748 2622 824 2680 mihi
835 2627 929 2680 totius
940 2629 984 2680 rei
994 2622 1149 2696 publicae,

248 2727 273 2781 si
293 2727 354 2779 iam
375 2742 412 2781 es
431 2722 543 2780 Romae
564 2730 618 2781 aut
639 2743 709 2780 cum
729 2727 797 2793 eris,
819 2722 912 2780 velim
932 2727 1047 2792 mittas,
1070 2743 1150 2796 quae

247 2822 323 2881 mihi
347 2824 466 2880 obviam
488 2827 601 2893 veniat,
625 2843 663 2880 ex
685 2842 745 2895 qua
766 2843 816 2881 me
840 2823 956 2894 fingere
977 2827 1094 2894 possim
1117 2832 1151 2882 et

247 2923 471 2996 praemeditari,
494 2943 554 2994 quo
576 2928 678 2981 animo
700 2924 844 2982 accedam
866 2923 905 2981 ad
929 2924 1046 2983 urbem.
1094 2925 1151 2984 Est

248 3025 1149 3099 enimquiddamadvenientemnonesseperegrinumatqae

247 3126 407 3200 hospitem.
450 3126 501 3198 Et,
513 3126 594 3200 quod
607 3146 706 3200 paene
720 3131 873 3200 praeterii,
885 3126 972 3185 Bruti
985 3131 1035 3185 tui
1050 3148 1149 3195 eausa,

332 3220 393 3281 456
