2494 3854
69 2908 128 2967 Scr.

69 2991 226 3050 Laodiceae

69 3074 125 3132 III
136 3075 209 3133 Non.

69 3159 141 3216 Sexi.
159 3180 184 3217 a.

72 3243 132 3300 703

450 299 619 358 Marcus
641 298 823 358 Turnus
845 299 996 358 CICERO
1042 281 1045 286 ’

274 421 378 479 derum
387 420 509 492 Epheso
517 421 631 492 pridie;
646 421 700 478 has
708 421 781 480 dedi
790 421 948 480 Trallibus
973 421 1011 479 ln
1019 425 1173 494 provincia

274 528 422 586 measure
437 549 486 587 me
502 531 647 601 putabam
663 529 730 587 Kal.
744 529 917 589 Sextilibus.
962 530 1009 587 Ex
1024 549 1060 587 ea
1074 529 1136 601 die,
1148 534 1173 587 si

275 657 324 695 me
344 657 436 708 amas,
451 636 630 709 παράπηγμα
645 635 788 696 ἐνιαύσιον
806 645 1004 697 commoveto.
1050 637 1173 696 Interea

277 752 381 804 tamen
395 745 471 804 haec
486 746 571 817 mihi,
583 766 660 817 quae
672 746 793 818 vellem,
805 745 1032 818 adferebantur,
1041 750 1173 818 primum

277 858 373 911 otium
386 854 569 926 Parthicum,
579 855 652 913 dein
661 854 819 913 confectae
830 858 987 927 pactiones
998 853 1174 927 publicano-

277 982 354 1033 rum,
363 971 517 1034 postremo
526 964 636 1034 seditio
644 963 777 1021 militum
787 963 893 1022 sedata
903 960 1049 1036 abAppio
1057 967 1194 1035 stipem·
1240 996 1241 1023 l

279 1070 424 1142 diumque
440 1076 483 1129 eis
498 1091 593 1143 usque
608 1071 648 1129 ad
665 1070 738 1129 Idus
753 1069 924 1144 Quinctiles
939 1071 1136 1144 persolutum.
1240 1054 1241 1135 l

255 1222 257 1229 Α
319 1179 382 1237 Nos
398 1179 470 1237 Asia
484 1184 603 1251 accepit
619 1180 845 1238 admirabiliter.
889 1166 1050 1238 Adventus
1069 1186 1175 1237 noster
1240 1152 1241 1185 ³

279 1291 394 1344 nemini
405 1308 445 1345 ne
456 1292 582 1345 minimo
592 1288 717 1359 quidem
728 1287 787 1346 fuit
796 1292 938 1360 sumptui.
984 1288 1079 1360 Spero
1089 1308 1175 1346 meos

279 1415 385 1453 omnes
408 1399 520 1454 servire
543 1396 626 1454 laudi
648 1416 743 1455 meae.
788 1396 905 1455 Tamen
929 1415 1041 1467 magno
1063 1399 1175 1456 timore

277 1523 354 1575 sum,
366 1504 420 1562 sed
434 1505 514 1562 bene
529 1524 691 1577 speramus.
737 1505 854 1564 Omnes
868 1509 928 1563 iam
942 1508 1038 1562 nostri
1052 1512 1176 1576 praeter

279 1610 412 1670 Tullium
430 1619 518 1670 tuum
534 1619 693 1671 venerunt.
739 1613 813 1671 Erat
831 1612 907 1670 mihi
920 1616 953 1670 in
972 1616 1073 1670 animo
1090 1621 1177 1671 recta
1240 1678 1241 1685 ἵ

277 1721 424 1792 proficisci
438 1721 477 1779 ad
498 1725 676 1793 exercitum,
691 1725 820 1780 aestivos
839 1741 959 1780 menses
982 1721 1114 1792 reliquos
1131 1727 1178 1780 rei
1240 1750 1241 1817 ἐ

280 1828 403 1886 militari
418 1830 502 1900 dare,
515 1829 659 1888 hibernos
673 1833 745 1887 iuris
760 1830 895 1888 dictioni.

321 1936 368 1994 Tu
383 1937 484 2008 velim,
500 1941 525 1996 si
539 1957 589 1994 me
603 1937 699 1995 nihilo
713 1943 813 1996 miuus
828 1941 908 1996 nosti
928 1940 1078 1995 curiosum
1094 1940 1128 1994 in
1143 1959 1178 1997 re

280 2045 402 2116 publica
415 2065 506 2116 quam
520 2053 563 2117 te,
574 2047 686 2104 scribas
694 2046 734 2103 ad
744 2066 794 2104 me
805 2049 916 2116 omnia,
927 2065 1004 2117 quae
1015 2049 1087 2116 siut,
1097 2065 1179 2116 quae

280 2152 382 2212 futura
405 2157 474 2212 sint.
519 2153 604 2211 Nihil
629 2154 705 2211 mihi
726 2158 841 2225 gratius
866 2153 966 2211 facere
989 2160 1096 2225 potes;
1118 2159 1179 2213 nisi

280 2270 384 2320 tumen
398 2263 431 2321 id
445 2266 505 2320 erit
514 2262 590 2319 mihi
600 2266 814 2333 gratissimum,
824 2265 858 2333 si,
868 2281 945 2333 quae
956 2263 1013 2320 tibi
1023 2262 1180 2334 mundavi,

281 2370 448 2429 confeceris
462 2374 669 2442 imprimisque
684 2369 760 2429 illud
775 2368 939 2443 ἒνδόμυχον,
954 2390 1014 2441 quo
1027 2368 1104 2428 mihi
1119 2376 1179 2429 scis
1240 2370 1241 2423 l

282 2478 359 2536 nihil
373 2468 444 2537 esse
455 2483 558 2536 carius
574 2485 581 2497 ⁰
604 2478 710 2536 Habes
725 2478 886 2550 epistulam
905 2476 1028 2550 plenam
1048 2476 1192 2537 festina-⁴

279 2590 370 2645 tionis
385 2594 418 2645 et
432 2586 579 2659 pulveris3
600 2587 734 2674 reliquae
749 2586 920 2645 subtiliores
935 2593 1033 2645 erunt.

699 2833 758 2891 XV

573 2948 678 2986 CICERO
692 2947 798 2986 mico
812 2947 870 2986 sui..

306 3038 504 3097 Laodiceam
519 3040 589 3095 veni
603 3038 701 3109 pridie
717 3037 783 3095 Kal.
804 3036 943 3096 Sextiles.
988 3035 1035 3094 Ex
1052 3036 1112 3095 hoc
1127 3038 1180 3097 die
1240 3032 1241 3035 ¹

280 3141 397 3205 clavum
409 3151 480 3203 anui
492 3146 635 3204 movebis
666 3145 751 3202 Nihil
764 3149 937 3217 exoptatius
947 3144 1082 3204 adventu
1098 3166 1181 3220 meo,

364 3248 423 3306 372
