2526 3850
431 245 601 305 MARCUS
622 246 805 306 TULLIUS
827 245 977 306 CICERO

256 398 319 436 non
333 379 424 436 modo
437 398 543 437 sucum
552 399 588 436 ac
599 384 788 450 sanguinem,
800 378 855 437 sed
869 384 962 437 etiam
976 379 1111 437 colorem
1123 387 1160 436 et

256 491 389 558 speciem
410 491 567 559 pristinam
589 492 727 546 civitatis.
772 488 865 545 Nulla
885 495 933 545 est
954 486 1160 559 respublica,

256 613 334 665 quae
357 594 502 666 delectet,
521 600 554 652 in
576 614 636 667 qua
657 600 853 667 acquiescam.
899 581 919 608 “
928 593 1006 653 Idne
1028 595 1158 666 igitur?

257 707 385 775 inquies,
405 689 522 762 “facile
543 703 653 763 fers?''
699 704 736 763 ld
756 709 874 777 ipsum3
898 703 1041 762 recordor
1060 707 1157 773 enim,

257 831 348 882 quam
376 813 456 870 bella
484 812 636 885 paulisper
664 813 751 898 nobis
779 813 1020 883 gubernantibus
1049 815 1158 869 civitas

257 921 359 992 fuerit,
374 940 451 992 quae
468 920 543 978 mihi
561 925 659 992 gratia
673 920 769 978 relata
783 924 830 978 sit.
875 920 985 978 Nullus
999 918 1086 977 dolor
1104 939 1157 977 me

197 1020 199 1023 ¹
256 1033 343 1100 angit
357 1049 453 1087 unum
465 1032 566 1087 omnia
579 1048 682 1101 posse;
699 1029 914 1100 dirumpuntur
927 1033 960 1099 ii,
970 1032 1023 1100 qui
1036 1047 1087 1085 me
1101 1027 1157 1085 ali-
1247 1012 1248 1015 Ἴ

257 1137 331 1210 quid
344 1128 432 1209 posse
446 1138 617 1196 doluerunt.
663 1138 763 1195 Multa
779 1137 855 1194 mihi
869 1137 945 1194 dant
963 1137 1082 1207 solacia,
1096 1155 1158 1193 nec

257 1255 361 1305 tamen
370 1267 428 1318 ego
437 1245 476 1304 de
485 1266 554 1303 meo
562 1254 644 1305 statu
653 1244 944 1317 demigro,quaeque
953 1249 1016 1303 vita
1024 1249 1157 1303 maxime

257 1362 305 1413 est
326 1355 366 1412 ad
388 1362 537 1424 naturam,
560 1354 599 1412 ad
622 1374 689 1411 earn
712 1373 762 1411 me
785 1353 894 1425 refero,
918 1353 957 1412 ad
981 1354 1100 1412 litteras
1123 1362 1159 1413 et

257 1466 357 1524 studia
370 1473 480 1524 nostra.
519 1465 650 1523 Dicendi
663 1465 798 1522 laborem
809 1464 1014 1523 delectatione
1028 1470 1159 1524 oratoria

257 1574 394 1633 consolor
404 1594 412 1643 ;
435 1574 541 1632 domus
559 1593 609 1631 me
629 1582 663 1632 et
683 1593 752 1632 rura
771 1582 874 1632 nostra
893 1573 1069 1642 delectant3
1093 1594 1158 1632 non

257 1683 407 1753 recordor,
419 1681 501 1741 unde
512 1681 684 1754 ceciderim,
696 1682 750 1740 sed
764 1681 847 1740 unde
862 1686 1050 1740 surrexerim.
1086 1683 1158 1740 Fra-

257 1799 337 1848 trem
359 1811 480 1848 mecum
501 1797 534 1849 et
555 1798 587 1848 te
609 1795 634 1848 si
655 1789 784 1861 habebo,
806 1810 862 1861 per
883 1809 934 1848 me
954 1793 1006 1847 isti
1026 1790 1158 1861 pedibus

258 1898 417 1973 trahantur
428 1917 436 1966 ;
459 1898 542 1955 vobis
558 1895 797 1969 ἐμφιλοσοφῆσαι
811 1917 940 1970 possum.
987 1885 1084 1955 locus
1104 1898 1158 1957 ille
1249 1916 1250 1967 ξ

257 2010 350 2064 animi
361 2010 466 2077 nostri,
475 2006 647 2064 stomachus
658 2007 710 2063 ubi
720 2005 878 2064 habitabat
886 2006 968 2076 olim,
978 2004 1159 2076 concalluit3

258 2119 375 2186 privata
396 2115 487 2173 modo
510 2122 543 2172 et
565 2114 731 2172 domestica
754 2134 809 2172 nos
832 2113 997 2172 delectant.
1046 2114 1157 2172 Miram

258 2228 453 2281 securitatem
463 2222 580 2280 videbis
590 2241 598 2291 ;
615 2226 699 2279 cuius
710 2222 857 2293 plurimae
869 2221 1044 2279 mehercule
1054 2230 1158 2292 partes

215 2372 218 2378 ·
258 2344 330 2396 sunt
344 2341 375 2392 in
390 2343 444 2393 tuo
455 2335 575 2405 reditu;
592 2355 683 2393 nemo
695 2339 777 2392 enirn
791 2338 824 2391 in
839 2338 927 2392 terris
942 2342 990 2392 est
1003 2333 1078 2393 mihi
1092 2343 1156 2393 tam

258 2445 519 2503 consentientibus
533 2444 678 2503 sensibus.

300 2552 362 2611 Sed
376 2556 479 2623 accipe
493 2552 559 2609 alia.
606 2553 665 2609 Res
679 2550 745 2609 fluit
761 2551 801 2610 ad
820 2555 1040 2624 interregnum,
1055 2560 1089 2610 et
1109 2561 1156 2613 est

255 2681 320 2737 non
341 2661 442 2719 nullus
464 2660 538 2718 odor
558 2660 737 2732 dictaturae,
756 2680 856 2718 sermo
875 2659 1000 2732 quidem
1021 2661 1155 2733 multus3

258 2773 310 2842 qui
335 2773 428 2828 etiam
454 2769 617 2826 Gabinium
639 2767 722 2839 apud
745 2768 868 2826 timidos
892 2767 1008 2828 iudices
1029 2770 1153 2830 adiuvit.

258 2869 419 2929 Candidati
444 2868 615 2927 consulares
640 2888 746 2926 omnes
772 2870 981 2943 rei-ambitus
1025 2869 1155 2931 Accedit

258 2977 351 3031 etiam
372 2971 536 3039 Gabinius3
562 2989 653 3041 quem
674 2969 705 3026 P.
728 2969 812 3028 Sulla
831 2990 894 3028 non
910 2969 1063 3042 dubitans,
1081 2976 1153 3042 quin
1248 3046 1250 3051 Ι

257 3075 329 3133 foris
340 3081 430 3144 esset,
439 3071 606 3145 postularat
616 3071 853 3129 contradicente
864 3079 897 3129 et
907 3070 984 3129 nihil
995 3071 1153 3129 obtinente

343 3176 401 3229 328
