2494 3854
35 1893 121 1953 Scr.
111 1915 140 1952 m
154 1893 199 1951 iti·

35 1998 100 2037 πονε
113 1976 152 2035 ad

414 277 584 337 MARCUS
605 278 789 336 TL'LLIL'S
810 278 961 335 CICERO

239 400 364 459 modum
377 419 540 458 concursus
553 400 632 457 fiunt
645 419 684 457 ex
697 404 837 470 agris,e1
851 404 935 469 vicis,
945 419 984 456 ex
997 398 1141 455 domibus

242 497 390 556 omnibus
449 495 628 553 Mehercule
663 500 758 553 etiam
791 495 927 553 adventu
956 502 1062 551 nostro
1089 512 1140 550 re-

240 596 398 650 viviscunt.
443 591 575 662 Iustitia,
593 592 790 663 abstinentia,
806 591 972 648 clementia
987 594 1034 647 tui
1050 589 1139 646 Cice-

240 692 322 746 ronis
343 692 447 759 itaque
467 691 627 758 opiniones
645 692 782 769 omnium
802 690 963 758 superavit.
1007 686 1139 756 Appius,

241 791 277 842 ut
290 783 407 841 audivit
420 802 476 840 nos
490 787 604 853 venire,
618 788 651 839 iu
665 783 805 841 ultimam
818 786 1003 854 provinciam
1016 801 1050 838 se
1064 800 1139 837 con-

241 884 314 937 iecit
338 878 464 936 Tarsum
489 898 594 949 usque.
639 877 812 970 lbiforum
831 882 905 950 agit.
950 878 999 935 De
1023 875 1139 933 Partho
1237 884 1238 887 ’

242 975 398 1033 silentium
418 982 476 1046 est,
495 975 551 1033 sed
569 983 675 1032 tamen
694 979 829 1032 concisos
848 979 968 1044 equites
987 981 1107 1030 nostros
1120 992 1140 1027 a
1237 1040 1238 1043 Ἴ

242 1072 376 1129 barbaris
396 1071 581 1129 nuntiabant
601 1076 633 1141 ii,
654 1075 708 1142 qui
728 1071 901 1128 veniebant
946 1069 1074 1126 Bibulus
1098 1088 1140 1125 ne

243 1167 397 1239 cogitabat
424 1167 550 1239 quidem
578 1171 671 1224 etiam
692 1187 774 1223 nunc
794 1170 828 1223 in
848 1168 1034 1237 provinciam
1055 1184 1140 1221 suam

243 1262 401 1331 accedere;
421 1263 453 1320 id
474 1271 578 1320 autem
600 1261 700 1319 facere
715 1263 755 1319 ob
769 1282 837 1319 eam
851 1281 972 1318 causam
985 1260 1141 1329 dicebant,
1218 1264 1221 1277 '
1237 1324 1238 1327 Ἰ

244 1358 326 1430 quod
340 1358 456 1416 tardius
471 1357 566 1415 vellet
580 1357 739 1415 decedere.
784 1358 849 1415 Nos
866 1362 899 1414 in
916 1365 1014 1414 castra
1033 1375 1143 1427 prope-

244 1454 394 1523 rabamus,
409 1473 487 1524 quae
501 1454 629 1511 aberant
643 1453 736 1511 bidui.

653 1703 743 1760 XVII

546 1818 651 1857 cronno
665 1818 772 1857 amco
786 1819 846 1858 san

289 1895 405 1966 Accepi
426 1895 521 1952 Roma
539 1899 605 1953 sine
625 1896 756 1967 epistula
769 1904 823 1954 tua
836 1896 1013 1954 fasciculum
1027 1896 1144 1957 littera-

248 2010 332 2059 rum;
352 1994 386 2048 in
399 2010 469 2061 quo,
479 1994 506 2049 si
518 1990 610 2049 modo
623 1991 744 2050 valuisti
759 2000 792 2050 et
807 1993 920 2050 Romae
933 1992 1028 2062 busti,
1044 1989 1144 2047 Philo-

36 2069 129 2121 cama
143 2061 215 2119 mm
248 2090 317 2144 timi
330 2087 410 2144 duco
429 2106 495 2145 esse
512 2066 643 2159 culpam,
658 2108 720 2145 non
736 2096 829 2145 tuam
875 2088 966 2145 Hanc
983 2085 1145 2160 epistulam

38 2145 86 2203 IV
99 2144 186 2202 Idet

33 2228 108 2301 prid.
126 2226 170 2284 Id.

249 2183 362 2241 dictavi
377 2182 510 2240 sedens
501 2203 533 2239 m
548 2182 649 2254 raeda,
661 2203 731 2241 cum
744 2188 777 2240 iu
791 2191 889 2241 castra
902 2183 1115 2256 proficiscerer,
1127 2201 1146 2238 a
1237 2226 1238 2233 ,

38 2312 111 2370 Sex,
124 2331 150 2369 a
166 2310 227 2369 703
250 2280 359 2350 quibus
373 2280 496 2337 aberam
510 2279 602 2337 bidui.
642 2279 747 2337 Paucis
761 2278 869 2339 diebus
883 2279 1032 2338 habebam
1045 2285 1146 2335 certos
1237 2274 1238 2283 ’

250 2374 389 2431 homines
390 2375 517 2445 ,quibus
528 2375 632 2433 darem
640 2375 766 2434 litteras.
795 2368 903 2448 Itaque
915 2395 1010 2434 eome
1020 2378 1144 2433 servavi

251 2469 315 2529 Nos
334 2476 449 2541 tamen,
464 2474 522 2528 etsi
541 2470 599 2528 hoc
620 2478 653 2530 te
675 2491 713 2530 ex
734 2471 800 2530 aliis
821 2472 926 2529 audire
946 2470 1035 2541 malo,
1049 2473 1093 2529 sic
1114 2473 1147 2526 in

251 2570 405 2638 provincia
419 2585 474 2623 uos
487 2570 630 2647 gerimus,
645 2567 727 2638 quod
740 2567 780 2625 ad
794 2568 1010 2628 abstinentiam
1022 2569 1148 2636 attinet,
1237 2602 1238 2605 =

252 2670 288 2720 ut
302 2661 403 2720 nullus
417 2666 587 2720 terruncius
601 2667 770 2721 insumatur
786 2667 819 2720 in
838 2681 1027 2734 quemquam.
1066 2660 1103 2719 Id
1114 2660 1149 2719 fit

253 2761 346 2815 etiam
365 2763 398 2815 et
417 2756 587 2829 legatorum
608 2766 644 2816 et
661 2759 852 2816 tribunorum
873 2766 907 2816 et
926 2756 1149 2829 praefectorum
1237 2736 1238 2801 l

253 2852 428 2924 diligentia3
439 2873 510 2911 nam
519 2873 624 2912 omnes
632 2853 756 2913 mirifice
765 2848 1150 2925 συμφιλοδοξοῦσινςΙοιίιιε

254 2966 348 3006 meae.
385 2949 484 3020 Lepta
492 2957 597 3008 noster
604 2950 745 3008 mirificus
757 2956 810 3007 est.
847 2949 909 3008 Sed
920 2954 1148 3020 nuncptopero

257 3045 443 3102 Perscribam
454 3045 492 3103 ad
504 3052 536 3102 te
548 3051 650 3117 paucis
660 3046 767 3104 diebus
776 3050 884 3102 omnia.
925 3046 1087 3102 Cicerones
1098 3064 1150 3100 no-

256 3147 333 3205 stros
345 3139 507 3201 Deiotarus
519 3141 606 3214 filius,
618 3145 670 3213 qui
681 3161 733 3200 rex
745 3142 783 3199 ab
794 3147 902 3199 senatu
911 3138 1083 3211 appellatus
1094 3132 1151 3210 est,

341 3229 400 3288 378
