2526 3850
41 558 145 611 Odyssey
154 559 206 606 xxii,

41 624 81 660 41²

42 1460 147 1512 Odyssey
165 1460 179 1509 ι’,
195 1473 231 1512 ²7¹

40 1961 98 2019 Sar.
113 1961 181 2018 Anti
191 1983 225 2018 m.

42 2045 112 2116 Apr.
130 2052 179 2102 arat

40 2128 113 2185 Mai.
127 2149 153 2185 a.
167 2129 229 2186 698

429 295 599 355 MARCUS
613 293 803 354 TULLIUS
826 292 976 357 CICERO

252 418 346 476 licere
361 417 443 488 quod
462 417 615 487 equitibus
635 416 783 473 Romanis.
821 415 902 473 Nam
921 415 1083 474 Terentius
1098 434 1154 473 suo
1256 474 1257 499 ἶ

252 506 326 559 iure.
364 500 413 558 De
428 499 557 558 Metello

348 658 353 665 ,
536 594 589 667 οὐχ
605 594 672 666 ὁσίη
682 593 871 666 φθιμένοισιν,

254 692 309 750 sed
330 700 434 749 tamen
449 691 553 748 multis
567 695 654 748 annis
669 695 741 748 civis
756 710 847 747 nemo
861 698 927 747 erat
944 696 1080 747 mortuus
1099 693 1153 760 qui
1256 764 1257 767 Ἰ

255 775 386 846 quidem.
398 819 404 832 .
417 820 423 832 .
436 819 441 832 .
453 774 522 831 Tibi
532 778 649 831 nummi
659 793 728 831 meo
738 773 873 844 periculo
884 772 952 831 sint.
975 771 1058 844 Quid
1069 777 1152 830 enim
1256 782 1257 793 ¹

255 862 367 916 vereris
392 848 630 928 quemcumquel
656 856 803 914 heredem
824 855 908 926 fecit,
930 860 987 913 nisi
1011 855 1151 913 Publium

255 942 337 1000 fecit.
364 942 478 999 Verum
489 941 563 999 fecit
574 960 636 998 non
650 940 873 1012 improbiorem,
885 959 975 1010 quam
989 939 1049 996 fuit
1062 927 1151 1010 ipse²
1256 978 1257 981 =

255 1024 357 1097 Quare
377 1030 409 1082 in
430 1024 488 1082 hoc
509 1024 632 1081 thecam
649 1028 848 1080 nummariam
867 1042 929 1079 non
948 1026 1105 1092 retexeris,
1119 1026 1151 1079 in

254 1109 319 1166 aliis
331 1113 390 1166 eris
405 1113 527 1166 cautior.

298 1193 370 1249 Mea
388 1191 532 1250 mandata
548 1191 588 1248 de
608 1189 697 1248 domo
717 1190 844 1259 curabis,
859 1189 1008 1260 praesidia
1028 1188 1151 1260 locabis,

256 1275 405 1333 Milonem
419 1274 604 1332 admonebis.
628 1274 822 1344 Arpinatium
836 1271 976 1330 fremitus
992 1280 1039 1330 est
1053 1276 1151 1329 incre·

255 1358 356 1415 dibilis
370 1358 410 1416 de
426 1359 555 1436 Laterio.
588 1355 671 1428 Quid
686 1357 823 1426 quaeris?
845 1356 988 1426 equidem
1002 1355 1101 1424 dolui;

509 1450 567 1509 ὅδὲ
583 1450 632 1509 οὐκ
648 1448 783 1522 ἐμπάζετο
797 1450 900 1522 μύθων.

255 1547 347 1620 Quod
366 1555 513 1620 superest,
529 1552 623 1605 etiam
641 1567 770 1618 puerum
790 1547 968 1605 Ciceronem
982 1546 1099 1605 curabis
1119 1556 1154 1606 et

254 1633 378 1703 amabiS,
393 1639 429 1689 ut
443 1631 525 1689 facis

664 1796 741 1853 VIII

554 1898 658 1937 CICERO
672 1898 778 1937 ATTICO
793 1899 850 1936 sai..

299 1965 398 2022 Multa
420 1984 470 2021 me
494 1968 525 2020 in
547 1964 678 2034 epistula
699 1970 752 2019 tua
774 1963 977 2033 delectarunt,
998 1963 1052 2021 sed
1075 1964 1154 2022 nihil
1256 2010 1257 2029 i

255 2053 352 2118 magis
366 2067 457 2118 quam
476 2051 581 2118 patina
600 2046 785 2117 tyrotarichi.
824 2046 904 2103 Nam
918 2046 957 2104 de
972 2047 1155 2105 raudusculo
1186 2050 1189 2057 ’
1256 2040 1257 2061 ³

256 2131 337 2202 quod
350 2133 464 2199 scribiS,

381 2239 464 2311 μήπω
479 2237 538 2310 μέγ’
555 2238 641 2309 εἴπῃς,
658 2236 726 2308 πρὶν
739 2236 940 2309 τελευτήσαντ’
957 2237 1025 2309 ἴδῃς.

255 2347 416 2405 Aedificati
433 2347 490 2403 tibi
509 2350 541 2402 in
560 2350 639 2416 agris
658 2345 735 2402 nihil
753 2348 879 2416 reperio.
914 2345 952 2402 In
972 2345 1084 2418 oppido
1106 2356 1154 2406 est
1256 2346 1257 2357 *

254 2430 409 2501 quiddam,
425 2429 464 2486 de
479 2448 539 2499 quo
555 2436 602 2486 est
616 2429 753 2499 dubium,
768 2433 849 2486 sitne
864 2429 981 2500 venale,
997 2450 1032 2487 ac
1050 2436 1153 2501 proxi-

253 2534 338 2572 mum
363 2512 488 2583 quidem
510 2516 620 2569 nostris
643 2510 777 2569 aedibus.
821 2513 889 2569 Hoc
914 2517 999 2583 scito,
1023 2513 1154 2572 Antium
1256 2542 1257 2591 3

255 2596 439 2655 Buthrotum
465 2614 531 2653 esse
563 2596 685 2665 Romae,
710 2602 746 2653 ut
775 2596 922 2666 Corcyrae
947 2596 1025 2655 illud
1053 2604 1151 2656 tuum.

254 2680 338 2739 Nihil
354 2683 496 2751 quietius,
512 2678 589 2735 nihil
604 2678 705 2747 alsius,
720 2678 797 2735 nihil
811 2684 975 2737 amoenius.

493 2773 548 2842 Eia
563 2772 611 2844 μοὶ
626 2773 706 2835 οὗτος
722 2772 809 2843 φίλος
825 2763 923 2836 οἶκος.8

288 2885 497 2948 ¹quemcumque
510 2882 627 2931 editors:
644 2897 820 2946 quaecunque
835 2883 874 2931 M.

286 2947 494 3013 ⁹improbi0rem
512 2963 594 3011 quam
612 2947 732 2996 Mr‘a'ller:
749 2948 870 3011 improbe
888 2947 965 3012 (corr.
984 2954 1009 2998 to
1026 2950 1153 3015 improbi)

255 3029 418 3080 quemquam
429 3014 470 3061 M.
504 3012 558 3061 The
570 3013 686 3076 reading
699 3013 734 3076 of
744 3013 789 3062 the
801 3014 882 3063 whole
892 3023 1009 3079 passage
1018 3017 1093 3080 from
1106 3017 1152 3081 qui
1256 3016 1257 3031 ¹

255 3080 363 3145 quidem
375 3080 399 3128 is
411 3095 477 3142 very
487 3079 639 3127 uncertain.

286 3155 445 3217 ann-aaa
458 3155 630 3219 Peerlkamp:
648 3155 847 3205 amurcam
863 3147 970 3208 urno'c
988 3159 1059 3208 noc
1076 3159 1116 3208 a.

339 3239 399 3300 990
