2512 3958
440 394 611 453 MARCUS
632 388 815 452 TULLIUS
836 392 987 453 CICERO

265 516 388 577 alterius
409 523 442 574 et
460 516 592 574 moribus
609 514 725 573 homini
743 512 882 572 accidere
898 521 1035 587 possunt,
1053 534 1091 573 ex
1110 514 1162 574 illo

264 604 451 663 accidebant.
497 603 598 676 Quare
616 625 677 662 non
694 602 812 675 dubim,
827 607 900 675 quin
917 604 975 662 tibi
992 624 1112 675 quoque
1129 602 1162 663 id

265 694 427 752 molestum
450 698 498 764 sit,
521 714 590 751 cum
612 701 644 751 et
665 713 734 751 meo
755 693 858 751 dolore
880 713 1019 751 moveare
1042 701 1075 750 et
1096 697 1161 766 ipse

264 788 347 841 omni
368 788 480 841 virtute
500 783 655 854 officioque
677 786 900 840 ornatissimum
924 787 1031 853 tuique
1053 790 1086 840 et
1108 802 1162 841 sua

265 880 373 944 sponte
389 880 421 930 et
435 891 504 929 meo
515 868 653 930 sermone
664 879 818 930 amantem
829 870 960 929 adfinem
970 875 1161 943 amicumque
1218 912 1221 931 1

265 965 407 1019 amiseris.

307 1049 398 1121 Quod
418 1050 458 1107 ad
479 1070 528 1107 me
546 1051 649 1108 scribis
671 1050 710 1107 de
732 1069 832 1109 sorore
852 1057 914 1120 tua,
929 1054 1017 1108 testis
1032 1054 1090 1107 erit
1104 1051 1172 1113 tibi

265 1145 338 1211 ipsa,
367 1147 498 1210 quantae
528 1138 602 1197 mibi
631 1158 719 1197 curae
743 1138 845 1209 fuerit,
869 1146 904 1196 ut
927 1137 1035 1211 Quinti
1060 1138 1161 1197 fratris

264 1233 381 1287 animus
395 1233 427 1286 in
442 1250 509 1286 eam
524 1236 605 1286 esset
619 1233 654 1298 is,
669 1232 721 1299 qui
736 1248 801 1285 esse
815 1228 951 1286 deberet.
976 1226 1077 1299 Quem
1091 1248 1162 1287 cum

265 1338 330 1376 esse
348 1318 537 1376 offensiorem
554 1319 725 1388 arbitrarer,
741 1337 791 1374 eas
810 1318 927 1375 litteras
942 1317 981 1375 ad
999 1337 1069 1374 eum
1082 1321 1162 1388 misi,

265 1409 373 1478 quibus
383 1415 415 1464 et
423 1407 574 1478 placarem
583 1414 618 1463 ut
626 1405 752 1463 fratrem
761 1413 794 1463 et
802 1425 958 1463 monerem
967 1413 1002 1463 ut
1013 1410 1162 1464 minorem

265 1503 297 1553 et
309 1496 499 1573 obiurgarem
510 1502 545 1553 ut
556 1502 716 1552 errantem.
748 1494 856 1566 Itaque
866 1515 904 1552 ex
914 1498 960 1565 iis,
970 1514 1047 1565 quae
1055 1503 1162 1566 postea

175 1644 181 1651 ,
265 1603 354 1656 saepe
378 1585 416 1640 ab
439 1604 476 1641 eo
498 1584 537 1642 ad
562 1604 611 1641 me
635 1588 746 1655 scripta
774 1591 854 1655 sunt,
878 1583 996 1642 confido
1024 1588 1067 1640 ita
1095 1603 1161 1641 esse

264 1677 374 1751 omnia,
389 1681 425 1744 ut
439 1681 472 1731 et
485 1681 625 1744 oporteat
640 1681 672 1730 et
686 1672 821 1731 velimus.

190 1806 196 1829 2,
221 1756 239 1803 ν’
307 1762 355 1820 De
374 1763 545 1821 litterarum
563 1767 705 1820 missione
722 1767 787 1821 sine
804 1783 892 1820 causa
909 1763 962 1820 abs
979 1770 1012 1820 te
1029 1782 1159 1821 accusor.

265 1853 438 1923 Numquam
453 1855 535 1909 enirn
546 1873 564 1909 a
576 1852 741 1924 Pomponia
751 1859 854 1910 nostra
864 1855 975 1909 certior
985 1871 1052 1909 sum
1063 1849 1162 1910 factus

265 1960 340 2011 esse,
364 1946 412 1999 cui
431 1941 504 1999 dare
528 1941 646 1999 litteras
668 1961 798 2013 possem,
820 1960 909 2012 porro
931 1948 1035 1998 autem
1059 1960 1161 2011 neque

264 2029 339 2087 mihi
353 2030 473 2100 accidit,
488 2038 523 2087 ut
536 2029 690 2101 haberem,
706 2034 755 2101 qui
772 2035 804 2087 in
819 2030 945 2102 Epirum
958 2029 1160 2101 proficiscere-

264 2127 324 2189 tur,
350 2119 525 2190 nequedum
550 2127 582 2176 te
608 2119 739 2177 Athenis
768 2139 833 2177 esse
861 2119 1064 2177 audiebamus.
1111 2119 1160 2177 De

265 2208 438 2265 Acutiliano
461 2216 564 2266 autem
589 2213 713 2280 negotio
733 2208 814 2279 quod
836 2207 912 2265 mihi
934 2207 1101 2278 mandaras,
1125 2216 1161 2265 ut

263 2302 394 2369 primurn
405 2318 423 2354 a
434 2305 487 2355 tuo
498 2297 635 2368 digressu
653 2298 777 2355 Romam
791 2302 870 2367 veni,
886 2296 1091 2366 confeceram3
1106 2297 1160 2356 sed

263 2387 383 2457 accidit,
398 2394 434 2444 ut
449 2394 481 2443 et
495 2391 691 2444 contentione
706 2386 782 2444 nihil
800 2406 874 2458 opus
889 2394 980 2457 esset,
995 2394 1028 2443 et
1043 2392 1077 2444 ut
1092 2405 1159 2457 ego,

263 2480 315 2546 qui
333 2479 365 2533 in
382 2483 414 2532 te
432 2480 503 2533 satis
523 2476 639 2534 consilii
656 2480 814 2534 statuerim
832 2495 907 2547 esse,
922 2476 1045 2533 mallem
1061 2475 1160 2532 Pedu-

264 2585 370 2622 caeum
392 2565 449 2622 tibi
472 2565 629 2623 consilium
654 2586 709 2637 per
733 2565 851 2623 litteras
880 2585 969 2636 quarn
997 2585 1047 2622 me
1076 2563 1156 2622 dare.

264 2654 398 2724 Etenim,
421 2674 489 2710 cum
514 2654 626 2712 multos
651 2654 716 2712 dies
738 2674 824 2712 aures
846 2674 928 2712 meas
951 2653 1084 2710 Acutilio
1105 2652 1159 2711 de-

263 2743 385 2814 dissem,
397 2746 480 2800 cuius
492 2748 637 2801 sermonis
647 2763 744 2815 genus
756 2744 813 2802 tibi
826 2751 933 2800 notum
945 2762 1010 2800 esse
1021 2743 1158 2813 arbitror,
1220 2782 1221 2791 .

263 2852 325 2889 non
346 2831 420 2889 mihi
441 2852 532 2903 grave
554 2833 627 2890 duxi
648 2833 779 2891 scribere
800 2833 839 2890 ad
856 2840 888 2889 te
906 2832 945 2890 de
963 2830 1042 2888 illius
1060 2835 1158 2902 queri-

263 2925 381 2992 moniiS,
399 2941 469 2979 cum
486 2941 536 2979 eas
553 2921 668 2993 audire,
685 2922 767 2993 quod
788 2928 853 2979 erat
870 2920 1072 2990 subodiosum,
1090 2920 1158 2977 leve

262 3018 424 3083 putassem.
442 3010 503 3068 Sed
519 3011 573 3068 abs
587 3018 619 3068 te
634 3015 708 3082 ipso,
723 3015 776 3081 qui
789 3030 839 3068 me
853 3028 984 3080 accusat,
995 3029 1070 3068 unas
1084 3008 1159 3066 mihi
1219 3025 1221 3038 ¹

263 3099 338 3153 scito
353 3094 469 3152 litteras
484 3093 618 3152 redditas
633 3113 708 3164 esse,
724 3114 793 3152 cum
805 3101 837 3151 et
848 3097 902 3151 otii
913 3093 952 3151 ad
966 3092 1159 3151 scribendum

262 3179 330 3251 plus
346 3185 378 3235 et
392 3176 570 3234 facultatem
584 3177 677 3234 dandi
691 3181 835 3234 maiorem
849 3176 997 3235 habueris.
1220 3242 1221 3249 ἵ

305 3260 397 3332 Quod
425 3260 538 3331 scribis,
565 3264 682 3317 etiamsi
712 3265 795 3318 cuius
820 3265 937 3318 animus
964 3264 994 3317 in
1020 3268 1052 3317 te
1078 3267 1161 3317 esset

349 3351 386 3400 14
