2526 3850
437 312 607 373 MARCUS
627 312 811 374 TULLIUS
832 313 983 372 CICERO

261 435 352 493 rebus
367 434 542 493 Puteolanis
556 442 590 493 et
604 433 849 494 Lucrinensibus
892 435 941 493 Ne
955 439 1015 493 ista
1032 434 1160 506 quidem

261 535 382 594 desunt
435 535 497 596 Sed
525 535 700 594 mehercule
724 558 743 594 a
765 541 876 595 ceteris
904 536 1160 594 oblectationibus

261 636 385 695 deseror
401 646 434 696 et
452 637 658 709 voluptatibus
673 646 799 709 propter
816 658 882 696 rem
902 621 1062 710 publicani.
1107 636 1158 696 Sic

261 738 372 797 litteris
386 746 541 797 sustentor
556 747 589 798 et
603 759 723 797 recreor
736 739 876 812 maloque
890 743 923 796 in
936 739 989 797 illa
1003 747 1056 798 tua
1070 738 1158 797 sede-

261 839 339 910 cula,
362 859 453 910 quam
480 839 575 898 habes
600 842 656 898 sub
684 844 816 912 imagine
842 840 1026 911 Aristotelis,
1049 839 1157 898 sedere

261 959 352 1011 quam
366 945 398 999 in
418 945 544 998 istorum
564 941 638 999 sella
653 941 749 999 curuli
762 949 926 1013 tecumque
944 942 1026 1013 apud
1044 948 1077 999 te
1094 960 1158 998 am-

260 1041 365 1099 bulare
376 1062 466 1113 quam
477 1061 546 1099 cum
556 1062 602 1113 eo,
613 1061 743 1113 quocum
754 1043 843 1101 video
854 1062 920 1101 esse
930 1041 1157 1100 ambulandum.

261 1141 323 1201 Sed
337 1142 377 1201 de
392 1142 443 1200 illa
452 1143 657 1201 ambulatione
670 1143 730 1201 fors
742 1144 862 1215 viderit,
873 1152 927 1203 aut
937 1148 963 1201 si
973 1148 1025 1215 qui
1037 1151 1094 1214 est,
1104 1147 1159 1214 qui

260 1251 356 1314 curet,
380 1243 471 1313 deus;
500 1253 634 1303 nostram
656 1245 894 1309 ambri-lationem
918 1253 950 1302 et
973 1244 1158 1302 laconicum

261 1363 367 1416 eaque,
379 1364 456 1415 quae
471 1345 568 1417 Cyrea
582 1350 652 1416 sint,
663 1345 764 1416 velim,
772 1346 855 1418 quod
865 1350 989 1418 poterit,
999 1350 1109 1403 invisas
1124 1353 1160 1403 et

260 1464 369 1516 urgeas
381 1445 588 1517 Philotimum,
596 1455 632 1504 ut
642 1455 796 1518 properet,
806 1455 841 1506 ut
849 1451 961 1518 possim
971 1448 1029 1504 tibi
1042 1446 1159 1517 aliquid

260 1549 293 1603 in
318 1565 355 1604 eo
376 1566 491 1617 genere
514 1548 706 1618 respondere.
753 1547 913 1618 Pompeius
935 1551 968 1604 in
988 1548 1159 1605 Cumanum

262 1646 408 1705 Parilibus
430 1652 523 1706 venit.
568 1648 654 1706 Misit
676 1648 715 1706 ad
737 1669 787 1707 me
810 1653 924 1720 statim,
947 1653 999 1719 qui
1027 1647 1159 1707 salutem

260 1753 424 1807 nuntiaret
469 1749 520 1808 Ad
538 1769 609 1808 eum
632 1749 779 1822 postridie
801 1770 891 1808 mane
914 1750 1072 1820 vadebam,
1086 1769 1159 1808 cum

260 1849 336 1908 haee
351 1854 463 1922 scripsi.

551 2090 655 2129 cicrno
676 2091 783 2130 arrico
804 2092 862 2130 san

48 2164 107 2224 Ser.
124 2166 153 2224 in
302 2166 505 2226 Delectarunt
523 2188 573 2226 me
596 2168 744 2239 epistulae
767 2175 849 2240 tuae,
872 2189 946 2240 quas
968 2172 1072 2240 accepi
1094 2189 1157 2227 uno

50 2248 173 2348 elman?
187 2271 227 2308 θῶ·
259 2277 397 2342 tempore
409 2270 483 2328 duas
494 2278 566 2328 ante
577 2270 660 2328 diem
671 2289 690 2327 v
702 2270 767 2327 Kal.
792 2270 889 2341 Perge
900 2271 1023 2342 reliqua
1048 2270 1156 2328 Gestio

47 2332 173 2474 ἔρὲΜω·
190 2354 216 2392 α’
259 2374 335 2428 scire
350 2375 408 2428 ista
422 2374 530 2427 omnia.
576 2370 678 2428 Etiam
696 2370 773 2429 illud
792 2375 876 2428 cuius
897 2371 980 2429 modi
999 2375 1047 2439 sit,
1063 2369 1155 2427 velim

258 2475 440 2542 perspicia->3
461 2478 549 2544 potes
563 2492 582 2528 a
596 2471 764 2530 Demetrio.
810 2472 897 2530 Dixit
907 2472 982 2529 mihi
995 2471 1155 2543 Pompeius

259 2570 399 2630 Crassum
407 2593 425 2629 a
434 2592 466 2630 se
475 2576 508 2629 in
523 2572 643 2630 Albano
655 2578 824 2645 exspectari
835 2579 907 2630 ante
919 2572 1001 2630 diem
1012 2590 1057 2628 uu
1071 2571 1155 2641 Kal.;

258 2676 283 2731 is
298 2692 367 2731 cum
383 2678 526 2744 venisset,
543 2673 669 2731 Romam
684 2662 771 2732 eum¹
788 2681 821 2732 et
835 2693 867 2732 se
882 2678 985 2731 statim
999 2680 1154 2743 venturos

257 2780 294 2831 ut
321 2778 453 2833 rationes
489 2794 558 2832 eum
593 2774 761 2846 publicanis
789 2781 942 2846 putarent.
1001 2772 1154 2845 Quaesivi,

257 2872 523 2946 gladiatoribusne.
563 2876 741 2948 Respondit,
752 2884 916 2947 antequam
927 2876 1152 2934 inducerentur.

259 2976 296 3034 ld
321 2980 405 3035 cuius
429 2977 512 3035 modi
535 2982 585 3048 sit,
608 2984 661 3034 aut
684 2997 775 3047 nunc,
799 2981 823 3035 si
847 2980 933 3047 scies,
958 2984 1012 3035 aut
1037 2981 1155 3034 cumis

260 3077 385 3135 Romam
399 3082 529 3149 venerit,
543 3078 582 3136 ad
596 3098 646 3136 me
661 3082 764 3136 mittas
779 3078 878 3135 velim.

516 3179 522 3208 ¹
533 3196 594 3229 eum
607 3181 696 3229 added
705 3180 738 3244 by
748 3180 898 3230 Lehmann.

346 3276 405 3337 298
