2484 3854
453 298 623 358 MARCUS
644 298 827 358 TULLIUS
849 299 998 382 CICERO

277 424 445 477 mianorum
463 429 556 491 atque
577 425 723 493 imparem
747 421 869 480 basilica
887 422 980 478 tribui
1002 411 1170 479 Aemiliae.¹
1232 418 1233 471 l

278 528 340 587 Sed
368 533 476 587 omitto
500 529 627 602 vulgus3
659 538 728 601 post
756 530 861 586 horam
890 537 1028 600 quartam
1053 528 1173 588 molesti

278 629 372 682 ceteri
400 645 462 682 non
491 634 569 684 sunt.
615 625 650 683 C:
672 625 777 683 Arrius
801 631 955 697 proximus
979 633 1026 684 est
1048 629 1173 697 vicinuS,

278 725 369 778 immo
383 722 435 779 ille
450 722 574 793 quidem
588 726 647 779 iam
662 721 896 792 contubernalis
907 725 960 793 qui
974 725 1067 779 etiam
1082 741 1115 779 se
1129 722 1174 780 id-

278 821 356 874 circo
383 818 508 875 Romam
532 823 576 876 ire
599 826 702 888 negat,
726 827 762 875 ut
790 817 840 875 hic
861 836 982 875 mecum
1005 825 1086 875 totos
1109 817 1174 877 dies

277 912 515 984 philosophetur.
560 914 639 971 Ecce
663 932 701 971 ex
726 913 822 972 altera
846 921 933 985 parte
959 912 1099 984 Sebosus,
1123 914 1175 973 ille

278 1008 377 1067 Catuli
396 1009 557 1068 familiaris
602 1009 671 1080 Quo
685 1029 735 1067 me
749 1011 887 1068 vertam?
930 1010 1041 1068 Statim
1055 1010 1175 1068 meher-

277 1105 345 1163 cule
360 1106 510 1177 Arpinum
524 1111 609 1177 irem,
621 1110 653 1163 ni
667 1114 700 1164 te
714 1110 747 1162 in
762 1106 920 1163 Formiano
935 1105 1176 1165 commodissime
1232 1110 1233 1175 ξ

277 1206 445 1274 exspectari
466 1201 602 1260 viderem
624 1201 783 1259 dumtaxat
805 1201 844 1258 ad
865 1222 908 1274 pr.
931 1202 1034 1259 Nonas
1060 1201 1177 1274 Maias3

276 1297 361 1355 vides
372 1302 463 1368 enirn,
473 1300 581 1369 quibus
592 1298 764 1356 hominibus
773 1317 860 1355 aures
871 1302 932 1355 sint
942 1296 1066 1355 deditae
1077 1318 1173 1357 meae.
1232 1344 1233 1387 p

277 1393 305 1451 0
316 1398 503 1451 occasionem
512 1394 677 1465 mirificam,
689 1399 714 1452 si
725 1399 777 1466 qui
791 1414 882 1464 nunc,
894 1392 967 1450 dum
982 1393 1014 1450 hi
1028 1393 1111 1465 apud
1124 1415 1176 1454 me
1232 1394 1233 1407 ¹

276 1496 357 1560 sunt,
372 1509 474 1547 emere
497 1490 536 1548 de
559 1510 609 1548 me
632 1489 762 1548 fundum
781 1490 976 1572 Formianum
996 1489 1088 1547 velit!
1134 1491 1177 1549 Et

275 1592 379 1642 tamen
402 1584 478 1642 illud
501 1587 644 1657 probem:
668 1572 843 1656 “Magnum
864 1585 938 1656 quid
961 1584 1178 1656 aggrediamur

276 1688 309 1738 et
322 1681 437 1739 multae
452 1685 643 1753 cogitationis
658 1689 750 1753 atque
766 1685 820 1739 otii
830 1681 871 1737 ”?
906 1679 967 1739 Sed
982 1688 1086 1738 tamen
1102 1688 1177 1742 satis

276 1777 329 1835 fiet
343 1798 360 1834 a
375 1779 471 1848 nobis
486 1798 587 1849 neque
602 1786 743 1850 parcetur
757 1777 859 1833 labori.

1232 1858 1233 1917 l

698 2031 756 2089 XV

574 2149 678 2187 cronno
693 2147 799 2186 Arrrco
813 2147 871 2185 sar„

63 2222 121 2279 Sor.
134 2222 163 2278 iu
319 2226 364 2284 Ut
384 2228 498 2297 scribis,
513 2211 559 2283 ita·
570 2225 659 2284 video
678 2245 740 2282 non
754 2228 854 2281 minus
871 2228 988 2282 incerta
1001 2227 1034 2280 in
1049 2245 1083 2282 re
1099 2229 1179 2299 pub·
1232 2230 1233 2287 ῗ

62 2306 214 2363 FOWnlam'
276 2323 334 2379 lica
356 2342 447 2393 quam
468 2327 499 2379 in
522 2322 652 2393 epistula
672 2330 735 2391 tua,
754 2320 808 2378 sed
830 2328 935 2378 tamen
956 2324 1014 2378 ista
1036 2325 1103 2393 ipsa
1127 2345 1179 2383 me

65 2397 136 2460 inter
149 2389 200 2447 XI
211 2398 236 2447 ei

62 2473 120 2544 [ΙΙ
131 2474 167 2531 K.
180 2475 252 2532 Mai.

65 2593 90 2628 u·
105 2571 166 2628 695

276 2423 404 2476 varietas
419 2438 591 2476 sermonum
612 2421 848 2490 opinionumque
870 2414 1013 2474 delectat.
1061 2417 1180 2479 Romae

277 2519 358 2572 enim
373 2513 477 2572 videor
491 2535 567 2585 esse,
583 2534 651 2571 cum
667 2522 734 2571 tuas
753 2512 870 2570 litteras
889 2511 969 2583 lego,
985 2521 1027 2583 et,
1043 2521 1079 2571 ut
1094 2515 1131 2573 fit
1147 2522 1181 2575 in

275 2615 369 2669 tantis
392 2611 491 2681 rebus,
514 2609 605 2667 modo
629 2610 696 2679 hoc,
719 2607 809 2665 modo
833 2606 909 2665 illud
934 2608 1047 2666 audire.
1094 2610 1181 2672 Illud

275 2715 380 2765 tamen
395 2706 544 2778 explicare
556 2726 618 2765 non
632 2725 763 2778 possum,
775 2703 920 2776 quidnam
931 2707 1068 2763 invenire
1080 2714 1182 2778 possit

276 2803 360 2861 nullo
371 2811 529 2861 recusante
541 2802 580 2859 ad
591 2802 769 2859 facultatem
780 2804 934 2870 agrariam.
959 2800 1060 2858 Bibuli
1070 2811 1181 2862 autem

275 2905 333 2957 ista
354 2898 533 2970 magnitudo
554 2902 647 2955 animi
668 2902 700 2954 in
722 2900 911 2953 comitiorum
933 2895 1080 2955 dilatione
1102 2901 1182 2970 quid

276 2995 370 3053 habet
393 2999 450 3052 nisi
472 2999 564 3067 ipsius
586 2994 731 3051 iudicium
752 2997 817 3050 sine
839 2992 901 3049 ulla
922 2998 1111 3052 correctione
1136 3002 1183 3055 rei

309 3093 361 3142 'ad
379 3108 460 3156 quam
473 3098 578 3155 partem
591 3091 721 3140 basilicae
733 3089 833 3138 tribum
845 3090 987 3139 Aemiliam
999 3091 1046 3140 M:
1063 3091 1110 3141 the
1122 3098 1185 3143 text

268 3161 375 3224 follows
386 3159 474 3207 Boot's
485 3158 664 3205 emendation.

362 3255 418 3305 148
