2494 3854
435 347 614 413 'MARCUS
636 348 817 408 TULLIUS
840 348 990 407 CICERO

269 470 301 528 Si
316 469 427 527 Brutus
438 470 559 541 putabit
570 489 620 528 me
631 478 793 541 quaternas
804 475 986 528 centesimas
996 473 1170 541 oportuisse

186 652 190 658 ,
268 578 520 649 decernere,cum
529 586 595 636 tota
603 583 756 649 provincia
765 578 898 650 singulas
909 579 1101 636 observarem
1111 581 1169 635 ita-

270 705 329 757 que
345 686 516 757 edixissem,
530 687 623 758 idque
639 691 731 746 etiam
750 688 949 745 acerbissimis
970 686 1169 744 faeneratori·

269 795 973 867 busprobaretur‚sipraefecturamnegotiatori
982 794 1168 866 denegatam

270 894 424 975 queretur,
440 903 521 974 quod
536 924 594 975 ego
611 904 765 976 Torquato
786 912 890 963 nostro
912 908 944 961 in
965 911 1020 962 tuo
1042 901 1168 974 Laenio,

271 1011 415 1083 Pompeio
434 1016 492 1084 ipsi
511 1017 543 1070 in
563 1013 632 1072 Sex.
649 1013 747 1072 Statio
767 1017 876 1085 negavi
896 1020 930 1070 et
944 1017 980 1071 iis
994 1005 1129 1084 probavi,
1145 1017 1170 1070 si

270 1125 389 1191 equites
415 1120 562 1179 deductos
587 1121 715 1180 moleste
741 1121 830 1192 feret,
850 1125 995 1192 accipiam
1025 1120 1171 1192 equidem

270 1227 406 1287 dolorem
426 1229 502 1286 mihi
523 1229 609 1287 illum
631 1234 727 1300 irasci,
742 1229 797 1288 sed
818 1229 916 1288 multo
937 1233 1083 1287 maiorem
1106 1248 1171 1289 non

271 1356 336 1395 esse
363 1357 432 1394 eum
457 1338 561 1409 talem,
584 1338 705 1410 qualem
730 1346 891 1410 putassem.
937 1337 1019 1396 Illud
1043 1336 1171 1409 quidem

270 1445 417 1503 fatebitur
431 1445 580 1518 Scaptius,
594 1466 644 1505 me
659 1450 705 1505 ius
719 1447 843 1505 dicente
858 1447 915 1504 sibi
933 1465 1056 1504 omnem
1075 1465 1171 1517 pecu·

271 1558 353 1611 niam
381 1573 419 1611 ex
444 1554 546 1612 edicto
568 1574 637 1612 meo
665 1555 824 1613 auferendi
852 1562 1038 1626 potestatem
1065 1553 1169 1613 fuisse.

271 1661 362 1719 Addo
377 1666 470 1719 etiam
484 1662 570 1734 illud,
585 1664 667 1734 quod
689 1683 794 1721 vereor
815 1664 872 1720 tibi
893 1667 950 1734 ipsi
972 1670 1008 1720 ut
1028 1662 1170 1737 probem,

272 1771 443 1828 Consistere
464 1790 554 1829 usura
575 1771 692 1843 debuit,
716 1791 793 1843 quae
817 1779 883 1830 erat
907 1775 940 1829 in
964 1771 1065 1829 edicto
1089 1791 1169 1830 meo.

273 1879 436 1950 Deponere
457 1880 615 1938 volebant:
637 1884 797 1952 impetravi
814 1900 831 1936 a
849 1879 1028 1950 Salaminiis,
1046 1886 1083 1937 ut
1101 1880 1172 1938 sile·

272 1988 349 2039 rent.
394 1980 523 2040 Veniam
533 1981 579 2039 illi
590 1981 714 2054 quidem
722 1981 797 2040 mihi
809 1980 972 2068 dederunt,
982 1979 1036 2039 sed
1048 1980 1125 2052 quid
1137 1986 1175 2039 iis
1236 2000 1238 2089 Α

272 2081 335 2153 fiet,
355 2086 379 2140 si
399 2081 459 2140 huc
480 2082 590 2142 Paulus
609 2084 747 2142 venerit?
790 2082 852 2142 Sed
872 2090 973 2141 totum
994 2081 1053 2140 boc
1075 2082 1174 2141 Bruto

273 2183 360 2253 dedi3
378 2188 430 2255 qui
445 2185 483 2244 de
498 2204 548 2242 me
563 2185 601 2243 ad
616 2192 649 2243 te
663 2184 893 2243 humanissimas
907 2183 1025 2242 litteras
1041 2187 1174 2256 scripsit,
1235 2116 1237 2267 l

273 2285 312 2343 ad
326 2305 376 2343 me
390 2293 504 2356 autem,
515 2291 609 2344 etiam
623 2306 692 2344 cum
706 2293 794 2357 rogat
804 2284 928 2358 aliquid,
940 2289 1175 2355 contumaciter,

272 2386 465 2458 adroganter,
486 2386 692 2459 ἀκοινονοήτως
714 2387 793 2445 solet
813 2387 952 2446 scribere.
997 2384 1044 2443 Tu
1068 2393 1175 2444 autem

274 2488 365 2547 velim
376 2488 415 2546 ad
427 2509 497 2546 eum
508 2490 619 2547 scribas
630 2488 670 2547 de
680 2489 727 2547 his
738 2489 837 2560 rebus,
849 2496 885 2546 ut
895 2493 997 2558 sciam,
1008 2507 1071 2559 quo
1081 2488 1175 2546 modo

274 2590 349 2649 haec
363 2595 506 2664 accipiat;
527 2591 619 2649 facies
635 2595 716 2648 enim
730 2611 780 2649 me
795 2595 963 2648 certiorem.

315 2692 420 2764 Atque
441 2678 739 2763 haec'superioribus
759 2692 869 2750 litteris
890 2691 1056 2762 diligenter
1077 2690 1118 2749 ad
1142 2699 1175 2749 te

274 2798 516 2866 perscripseram,
527 2794 582 2852 sed
592 2793 684 2866 plane
695 2801 727 2852 te
738 2793 920 2864 intellegere
931 2791 1012 2849 volui
1023 2791 1100 2849 mihi
1112 2811 1175 2848 nou
1233 2786 1234 2797 ¹

276 2897 422 2955 excidisse
436 2896 522 2966 illud,
532 2894 614 2967 quod
628 2903 663 2952 tu
677 2895 717 2952 ad
728 2914 777 2953 me
789 2893 967 2966 quibusdam
977 2892 1090 2951 litteris
1101 2896 1174 2950 scri-

275 3001 393 3068 psisses,
403 3001 428 3055 si
439 2996 515 3054 'nihil
530 2995 612 3055 aliud
626 2995 665 3053 de
680 2995 737 3052 hac
751 2998 904 3067 provincia
918 2997 975 3052 nisi
987 2993 1068 3051 illius
1080 2993 1175 3051 bene-

275 3099 440 3157 volentiam
454 3098 671 3171 deportassem,
685 3097 761 3155 mihi
774 3097 807 3156 id
821 3101 893 3156 satis
908 3116 982 3156 esse.
1027 3095 1075 3154 Sit
1091 3114 1175 3164 sane,

250 3270 256 3280 ,
274 3207 417 3274 quoniam
437 3206 481 3259 ita
499 3209 534 3259 tu
554 3205 607 3272 vis,
622 3199 677 3259 sed
697 3207 802 3257 tamen
821 3218 891 3257 cum
908 3216 956 3268 eo,
971 3196 1074 3267 credo,
1089 3193 1174 3267 quod

359 3317 419 3368 422
