2512 3958
411 248 581 309 MARCUS
602 247 785 309 TULLIUS
806 247 956 306 CICERO

280 371 368 428 Nosti
384 371 508 428 Calvum
522 390 560 428 cx
581 371 767 428 Nanneianis
782 370 877 456 illum,
892 368 979 427 illum
995 368 1136 426 laudato-

237 504 302 541 rem
321 505 433 556 meum,
449 484 487 543 de
503 488 587 542 cuius
602 489 737 542 oratione
753 504 825 555 erga
843 503 893 541 me
913 479 1075 540 honorifica
1093 481 1135 540 ad

237 605 270 654 te
292 601 476 669 scripseram.
522 597 619 654 Biduo
638 617 693 668 per
707 617 802 655 unum
817 616 937 655 servum
951 603 984 654 ct
1004 616 1074 654 eum
1094 615 1136 652 ex

237 710 310 768 ludo
330 710 509 781 gladiatorio
524 710 656 768 confecit
670 718 770 768 toturn
784 714 958 781 negotium;
979 712 1137 767 arcessivit

238 824 277 885 ad
290 844 333 894 se,
343 829 489 899 promisit,
499 829 680 894 intercessit,
690 824 784 882 dedit.
811 824 875 881 lam
883 843 955 882 vero
966 810 997 892 (ο
1009 823 1040 893 di
1051 823 1135 893 boni,
1228 848 1231 854 ¹

238 958 303 998 rem
331 938 481 1010 perditam
489 926 511 1008 l)
539 943 632 997 etiam
660 946 766 996 noctes
794 946 945 997 certarum
973 937 1136 996 mulierum

238 1059 330 1123 atque
344 1051 642 1110 adulescentulorum
656 1051 803 1109 nobilium
816 1050 1057 1109 introductiones
1072 1069 1136 1108 non

239 1164 329 1222 nullis
350 1164 499 1222 iudicibus
521 1172 575 1236 pro
596 1164 744 1223 mercedis
766 1164 887 1223 cumulo
908 1163 1040 1223 fuerunt.
1087 1162 1137 1220 Ita

240 1297 357 1336 summo
378 1278 511 1336 discessu
533 1279 690 1348 bonorum,
705 1278 796 1349 pleno
818 1277 883 1335 foro
905 1297 1058 1335 servorum
1077 1295 1137 1333 xxv

239 1384 354 1442 iudices
368 1389 412 1442 ita
426 1385 520 1443 fortes
535 1393 639 1443 tamen
655 1385 788 1457 fuerunt,
800 1393 837 1443 ut
850 1405 967 1443 summo
981 1388 1136 1456 proposito
1242 1458 1243 1461 Ἰ

239 1492 374 1565 periculo
391 1493 439 1550 vel
462 1497 561 1564 perire
580 1494 744 1553 maluerint
765 1513 855 1564 quam
879 1492 1007 1565 perdere
1025 1495 1133 1549 omnia.

239 1620 310 1658 xxxx
324 1600 458 1673 fuerunt,
475 1621 549 1673 quos
571 1601 666 1659 fames
680 1606 776 1672 magis
791 1621 881 1673 quam
903 1601 983 1658 fama
1004 1620 1135 1658 commo-

240 1727 325 1780 verit.
382 1704 519 1794 Quorum
555 1722 679 1780 Catulus
711 1743 780 1780 cum
812 1722 938 1780 vidisset
972 1720 1135 1793 quendam,

241 1829 350 1914 “Quid
365 1843 445 1914 VOS,’'
463 1847 571 1914 inquit,
589 1829 796 1914 “praesidium
817 1863 835 1899 a
856 1844 942 1900 nobis
965 1842 1135 1914 postulaba-

240 1964 298 2020 tis?
327 1983 376 2034 an,
399 1983 439 2020 ne
469 1967 585 2020 nummi
608 1964 691 2021 vobis
717 1968 917 2035 eriperentur,
937 1961 1134 2029 timebatis?”
1190 2039 1197 2046 ⁴

166 2110 192 2149 a,
242 2085 357 2155 Habes,
373 2092 408 2142 ut
426 2085 601 2142 brevissime
616 2088 711 2156 potui,
726 2104 824 2155 genus
843 2084 946 2142 iudicii
966 2091 999 2143 et
1018 2102 1135 2141 causam

241 2205 444 2262 absolutionis.

284 2330 412 2403 Quaeris
426 2331 581 2403 deinceps,
597 2337 648 2405 qui
663 2352 744 2390 nunc
759 2337 799 2390 sit
812 2340 909 2391 status
923 2352 1024 2396 rerum
1039 2314 1139 2403 etqui

242 2472 335 2510 meus.
370 2438 424 2509 Rei
439 2452 578 2523 publicae
593 2460 707 2510 statum
721 2451 817 2525 illurn,
828 2472 920 2524 quern
934 2460 968 2510 tu
983 2472 1052 2510 meo
1066 2472 1134 2510 con-

242 2571 317 2642 silio,
333 2592 391 2643 ego
405 2572 507 2630 divino
522 2573 731 2630 confirmatum
750 2574 972 2644 putabam5qui
990 2571 1135 2630 bonorum
1208 2612 1209 2616 κ

243 2697 377 2752 omnium
395 2698 608 2751 coniunctione
631 2701 663 2751 et
686 2698 865 2751 auctoritate
888 2694 1060 2751 consulatus
1077 2696 1135 2750 mei

243 2813 318 2871 fixus
336 2821 369 2871 et
391 2813 537 2871 fundatus
557 2814 725 2885 videbatur,
748 2818 805 2871 uisi
829 2818 896 2888 quis
919 2834 973 2871 uos
993 2813 1068 2872 deus
1091 2832 1134 2870 re·
1224 2818 1226 2822 ⁴

244 2938 387 3006 spexerit,
413 2933 549 3005 elapsum
575 2939 651 2992 scito
677 2953 742 2993 esse
768 2933 807 2992 de
832 2935 970 2993 manibus
995 2954 1057 2991 uno
1081 2932 1135 2990 hoc

244 3055 366 3127 iudicioj
380 3059 405 3112 si
424 3043 569 3112 iudicium
584 3062 631 3112 est
650 3059 776 3125 triginta
796 3053 935 3114 homines
954 3053 1058 3127 populi
1081 3037 1134 3111 Ro-

328 3195 366 3246 54
