2526 3850
434 293 605 353 MARCUS
625 292 809 352 TULLIUS
830 291 981 352 CICERO

258 416 409 473 locatione
423 415 615 472 reficiebatur
628 422 662 471 et
675 413 716 471 ad
725 420 844 471 tectum
854 428 953 485 paene
963 422 1157 486 pervenerat,

260 528 369 601 Quinti
383 529 484 586 fratris
503 529 611 586 domus
631 532 729 600 primo
743 526 839 585 fracta
861 533 1001 587 coniectu
1020 529 1157 601 lapidum
1258 576 1259 579 η

260 666 298 703 er
312 665 383 702 area
396 652 509 714 nostra,
523 642 636 702 deinde
650 642 835 701 inflammata
851 648 933 702 iussu
950 644 1037 702 Clodi
1054 649 1155 716 inspe-

259 767 364 817 ctante
373 761 448 817 urbe
457 763 603 816 coniectis
611 759 742 828 ignibus,
748 759 988 829 magnaquerela
996 767 1030 817 et
1037 763 1156 830 gemitu
1172 815 1176 821 ,

259 893 320 930 non
332 873 432 930 dicam
441 875 600 943 bonorum,
609 876 659 942 qui
670 876 774 928 neseio
783 892 823 929 an
833 872 910 929 nulli
919 877 990 943 sint,
999 873 1055 932 sed
1063 873 1155 944 plane

258 986 416 1045 hominum
435 991 578 1045 omnium.
624 985 682 1043 llle
708 986 835 1044 demens
860 1006 959 1058 ruere,
982 987 1155 1059 posthunc

258 1122 330 1160 vero
344 1102 477 1159 furorem
490 1100 567 1157 nihil
582 1104 640 1157 nisi
660 1099 786 1157 caedem
804 1104 994 1159 inimicorum
1011 1107 1154 1173 cogitare,

258 1221 381 1274 vicatim
399 1218 524 1286 ambire,
545 1219 638 1274 servis
656 1222 762 1286 aperte
781 1235 867 1286 spem
881 1215 1031 1275 libertatis
1052 1225 1154 1275 osten-

258 1331 341 1389 dere.
378 1331 504 1388 Etenim
517 1336 618 1399 antea,
633 1348 703 1386 eum
717 1329 863 1387 iudicium
876 1331 1010 1402 nolebat,
1021 1332 1156 1391 habebat

257 1443 310 1503 ille
336 1444 461 1515 quidem
484 1442 638 1501 difficilem
661 1442 916 1514 manifestamque
941 1465 1071 1517 causam,
1100 1448 1155 1505 sed

258 1565 362 1616 tamen
390 1576 526 1626 eausam;
555 1562 676 1628 poterat
704 1556 836 1628 infitiari,
864 1566 985 1630 poterat
1018 1564 1051 1618 in
1080 1561 1155 1621 alios

258 1673 405 1742 derivare,
413 1678 535 1743 poterat
544 1674 637 1729 etiam
646 1670 761 1741 aliquid
770 1675 835 1730 iure
846 1671 962 1730 factum
970 1674 1138 1734 defendere
1147 1697 1155 1746 ;

257 1793 327 1857 post
340 1785 395 1843 has
409 1790 520 1855 ruinas,
534 1783 685 1854 incendia,
700 1788 819 1855 rapinas
839 1785 978 1845 desertus
997 1809 1015 1844 a
1029 1793 1089 1847 suis
1103 1793 1155 1848 vix

257 1904 317 1958 iam
346 1900 508 1958 Decimum
536 1898 772 1968 designatorem,
797 1903 846 1956 vix
875 1899 1010 1960 Gellium
1029 1907 1155 1977 retinet,

258 2033 412 2072 servorum
427 2013 558 2070 consiliis
574 2016 681 2082 utitur,
701 2012 795 2082 videt,
810 2016 835 2071 si
854 2033 969 2087 omnes,
989 2036 1063 2087 quos
1076 2018 1154 2092 vult,
1188 2044 1192 2051 v

256 2128 356 2200 palam
384 2128 539 2198 occiderit,
562 2125 658 2183 nihilo
687 2145 772 2183 suam
797 2146 917 2186 causam
942 2130 1152 2206 difficiliorem,

256 2262 347 2313 quam
369 2241 469 2299 adhuc
498 2245 547 2311 sit,
569 2245 602 2298 in
630 2239 740 2298 iudicio
768 2241 908 2300 futuram.
947 2242 1055 2325 Itaque
1078 2256 1154 2307 ante

256 2355 339 2414 diem
349 2360 476 2413 tertium
488 2355 561 2413 Idus
571 2354 770 2426 Novembres
785 2376 854 2414 cum
869 2357 960 2416 Sacra
967 2364 1016 2416 via
1025 2359 1154 2420 deseen-

256 2467 372 2540 derem,
389 2473 545 2528 insecutus
560 2478 608 2529 est
624 2491 674 2530 me
689 2491 757 2528 cum
773 2476 841 2529 suis.
887 2472 1014 2545 Clamor,
1025 2474 1155 2550 lapideS,

255 2582 361 2655 fustes,
384 2583 488 2654 gladii,
511 2585 588 2643 haee
615 2590 776 2657 improvisa
800 2591 907 2644 omnia.
953 2587 1155 2650 Discessimus

253 2695 285 2748 in
311 2692 495 2750 vestibulum
519 2693 605 2752 Tetti
624 2695 788 2753 Damionis.
834 2694 895 2768 Qui
915 2703 1003 2754 erant
1021 2715 1153 2771 mecum,

253 2799 342 2857 facile
358 2820 464 2872 operas
478 2800 563 2875 aditu
578 2798 806 2870 prohibuerunt.
852 2799 922 2872 lpse
933 2802 1029 2861 occidi
1041 2810 1153 2879 potuit,
1235 2814 1238 2819 '

253 2908 308 2966 sed
319 2929 377 2980 ego
388 2909 490 2966 diaeta
504 2927 608 2966 curare
622 2912 744 2979 incipio,
759 2908 928 2981 chirurgiae
943 2911 1057 2972 toedet.
1094 2913 1153 2974 Ille

252 3021 387 3075 omnium
410 3017 532 3073 vocibus
557 3034 627 3073 eum
649 3035 682 3073 se
707 3035 768 3073 non
791 3017 831 3075 ad
854 3015 1009 3091 iudiciuin,
1035 3022 1090 3080 sed
1112 3024 1153 3081 ad

252 3125 432 3196 supplicium
455 3143 598 3195 praesens
621 3123 703 3182 trudi
726 3124 855 3197 videret,
877 3146 983 3186 omnes
1007 3130 1153 3189 Catilinas

336 3245 396 3302 274
