<?xml version="1.0" encoding="UTF-8"?>
<!DOCTYPE html PUBLIC "-//W3C//DTD XHTML 1.0 Transitional//EN"
    "http://www.w3.org/TR/xhtml1/DTD/xhtml1-transitional.dtd">
<html xmlns="http://www.w3.org/1999/xhtml" xml:lang="en" lang="en">
 <head>
  <title>
</title>
<meta http-equiv="Content-Type" content="text/html;charset=utf-8" />
  <meta name='ocr-system' content='tesseract 3.04.00' />
  <meta name='ocr-capabilities' content='ocr_page ocr_carea ocr_par ocr_line ocrx_word'/>
</head>
<body>
  <div class='ocr_page' id='page_1' title='image "./letterstoatticu00winsgoog_0301.png"; bbox 0 0 2526 3850; ppageno 0'>
   <div class='ocr_carea' id='block_1_1' title="bbox 439 299 987 362">
    <p class='ocr_par' dir='ltr' id='par_1_1' title="bbox 439 299 987 362">
     <span class='ocr_line' id='line_1_1' title="bbox 439 299 987 362; baseline 0 -2"><span class='ocrx_word' id='word_1_1' title='bbox 439 301 609 362; x_wconf 78' lang='lat' dir='ltr'><strong>MARCUS</strong></span> <span class='ocrx_word' id='word_1_2' title='bbox 631 300 814 362; x_wconf 90' lang='lat' dir='ltr'>TULLIUS</span> <span class='ocrx_word' id='word_1_3' title='bbox 836 299 987 360; x_wconf 85' lang='lat' dir='ltr'>CICERO</span> 
     </span>
    </p>
   </div>
   <div class='ocr_carea' id='block_1_2' title="bbox 262 421 1263 2015">
    <p class='ocr_par' dir='ltr' id='par_1_2' title="bbox 262 421 1263 2015">
     <span class='ocr_line' id='line_1_2' title="bbox 262 421 1164 496; baseline -0.004 -12"><span class='ocrx_word' id='word_1_4' title='bbox 262 429 419 496; x_wconf 83' lang='lat' dir='ltr'><strong>imponere</strong></span> <span class='ocrx_word' id='word_1_5' title='bbox 443 422 533 482; x_wconf 89' lang='lat' dir='ltr'>huius</span> <span class='ocrx_word' id='word_1_6' title='bbox 558 442 655 481; x_wconf 80' lang='lat' dir='ltr'>novae</span> <span class='ocrx_word' id='word_1_7' title='bbox 680 426 912 492; x_wconf 66' lang='lat' dir='ltr'>coniunctionis</span> <span class='ocrx_word' id='word_1_8' title='bbox 937 441 977 480; x_wconf 90' lang='lat' dir='ltr'>ne</span> <span class='ocrx_word' id='word_1_9' title='bbox 1003 442 1063 493; x_wconf 86' lang='lat' dir='ltr'>qua</span> <span class='ocrx_word' id='word_1_10' title='bbox 1086 421 1164 480; x_wconf 91' lang='lat' dir='ltr'>mihi</span> 
     </span>
     <span class='ocr_line' id='line_1_3' title="bbox 262 525 1164 597; baseline -0.004 -12"><span class='ocrx_word' id='word_1_11' title='bbox 262 526 371 586; x_wconf 88' lang='lat' dir='ltr'>liceret</span> <span class='ocrx_word' id='word_1_12' title='bbox 384 525 446 584; x_wconf 86' lang='lat' dir='ltr'>labi</span> <span class='ocrx_word' id='word_1_13' title='bbox 459 525 499 583; x_wconf 88' lang='lat' dir='ltr'>ad</span> <span class='ocrx_word' id='word_1_14' title='bbox 512 525 590 596; x_wconf 87' lang='lat' dir='ltr'>illos,</span> <span class='ocrx_word' id='word_1_15' title='bbox 605 530 658 597; x_wconf 89' lang='lat' dir='ltr'>qui</span> <span class='ocrx_word' id='word_1_16' title='bbox 672 529 765 583; x_wconf 83' lang='lat' dir='ltr'>etiam</span> <span class='ocrx_word' id='word_1_17' title='bbox 779 532 856 595; x_wconf 86' lang='lat' dir='ltr'>tum,</span> <span class='ocrx_word' id='word_1_18' title='bbox 871 544 941 582; x_wconf 87' lang='lat' dir='ltr'>cum</span> <span class='ocrx_word' id='word_1_19' title='bbox 954 527 1091 582; x_wconf 89' lang='lat' dir='ltr'>misereri</span> <span class='ocrx_word' id='word_1_20' title='bbox 1101 528 1164 582; x_wconf 91' lang='lat' dir='ltr'>mei</span> 
     </span>
     <span class='ocr_line' id='line_1_4' title="bbox 263 625 1164 698; baseline -0.007 -11"><span class='ocrx_word' id='word_1_21' title='bbox 263 628 390 698; x_wconf 90' lang='lat' dir='ltr'>debent,</span> <span class='ocrx_word' id='word_1_22' title='bbox 407 647 470 685; x_wconf 91' lang='lat' dir='ltr'>non</span> <span class='ocrx_word' id='word_1_23' title='bbox 491 627 636 685; x_wconf 90' lang='lat' dir='ltr'>desinunt</span> <span class='ocrx_word' id='word_1_24' title='bbox 655 626 800 685; x_wconf 90' lang='lat' dir='ltr'>invidere.</span> <span class='ocrx_word' id='word_1_25' title='bbox 846 625 908 685; x_wconf 88' lang='lat' dir='ltr'>Sed</span> <span class='ocrx_word' id='word_1_26' title='bbox 927 632 1031 683; x_wconf 86' lang='lat' dir='ltr'>tamen</span> <span class='ocrx_word' id='word_1_27' title='bbox 1050 625 1164 684; x_wconf 88' lang='lat' dir='ltr'>modici</span> 
     </span>
     <span class='ocr_line' id='line_1_5' title="bbox 263 724 1189 800; baseline -0.003 -13"><span class='ocrx_word' id='word_1_28' title='bbox 263 729 375 787; x_wconf 88' lang='lat' dir='ltr'>fuimus</span> <span class='ocrx_word' id='word_1_29' title='bbox 390 726 533 799; x_wconf 78' lang='grc' dir='ltr'>ὑποθέσει,</span> <span class='ocrx_word' id='word_1_30' title='bbox 548 735 583 786; x_wconf 91' lang='lat' dir='ltr'>ut</span> <span class='ocrx_word' id='word_1_31' title='bbox 603 731 716 800; x_wconf 81' lang='lat' dir='ltr'>scripsi.</span> <span class='ocrx_word' id='word_1_32' title='bbox 761 728 880 786; x_wconf 89' lang='lat' dir='ltr'>Erimus</span> <span class='ocrx_word' id='word_1_33' title='bbox 900 728 1064 798; x_wconf 79' lang='lat' dir='ltr'>uberiores,</span> <span class='ocrx_word' id='word_1_34' title='bbox 1082 729 1107 785; x_wconf 93' lang='lat' dir='ltr'>si</span> <span class='ocrx_word' id='word_1_35' title='bbox 1130 735 1165 785; x_wconf 91' lang='lat' dir='ltr'>et</span> <span class='ocrx_word' id='word_1_36' title='bbox 1186 724 1189 728; x_wconf 70' lang='grc'><strong>’</strong></span> 
     </span>
     <span class='ocr_line' id='line_1_6' title="bbox 263 828 1165 901; baseline -0.001 -14"><span class='ocrx_word' id='word_1_37' title='bbox 263 830 315 887; x_wconf 91' lang='lat' dir='ltr'>ille</span> <span class='ocrx_word' id='word_1_38' title='bbox 335 830 468 888; x_wconf 87' lang='lat' dir='ltr'>libenter</span> <span class='ocrx_word' id='word_1_39' title='bbox 487 831 627 901; x_wconf 81' lang='lat' dir='ltr'>accipiet,</span> <span class='ocrx_word' id='word_1_40' title='bbox 647 837 680 887; x_wconf 94' lang='lat' dir='ltr'>et</span> <span class='ocrx_word' id='word_1_41' title='bbox 700 833 722 886; x_wconf 89' lang='lat' dir='ltr'>ii</span> <span class='ocrx_word' id='word_1_42' title='bbox 743 830 971 900; x_wconf 81' lang='lat' dir='ltr'>subringentur,</span> <span class='ocrx_word' id='word_1_43' title='bbox 989 833 1041 900; x_wconf 91' lang='lat' dir='ltr'>qui</span> <span class='ocrx_word' id='word_1_44' title='bbox 1059 828 1165 887; x_wconf 89' lang='lat' dir='ltr'>villam</span> 
     </span>
     <span class='ocr_line' id='line_1_7' title="bbox 262 929 1165 1002; baseline -0.001 -14"><span class='ocrx_word' id='word_1_45' title='bbox 262 951 313 989; x_wconf 91' lang='lat' dir='ltr'>me</span> <span class='ocrx_word' id='word_1_46' title='bbox 338 929 466 989; x_wconf 85' lang='lat' dir='ltr'>moleste</span> <span class='ocrx_word' id='word_1_47' title='bbox 494 930 599 989; x_wconf 86' lang='lat' dir='ltr'>ferunt</span> <span class='ocrx_word' id='word_1_48' title='bbox 626 930 750 999; x_wconf 88' lang='lat' dir='ltr'>habere,</span> <span class='ocrx_word' id='word_1_49' title='bbox 775 951 853 1002; x_wconf 85' lang='lat' dir='ltr'>quae</span> <span class='ocrx_word' id='word_1_50' title='bbox 882 930 982 995; x_wconf 90' lang='lat' dir='ltr'>Catuli</span> <span class='ocrx_word' id='word_1_51' title='bbox 1009 930 1120 1001; x_wconf 80' lang='lat' dir='ltr'>fuerat,</span> <span class='ocrx_word' id='word_1_52' title='bbox 1145 951 1165 987; x_wconf 86' lang='lat' dir='ltr'>a</span> 
     </span>
     <span class='ocr_line' id='line_1_8' title="bbox 263 1031 1164 1103; baseline -0.001 -13"><span class='ocrx_word' id='word_1_53' title='bbox 263 1033 369 1090; x_wconf 88' lang='lat' dir='ltr'>Vettio</span> <span class='ocrx_word' id='word_1_54' title='bbox 397 1036 506 1090; x_wconf 89' lang='lat' dir='ltr'>emisse</span> <span class='ocrx_word' id='word_1_55' title='bbox 534 1051 597 1090; x_wconf 91' lang='lat' dir='ltr'>non</span> <span class='ocrx_word' id='word_1_56' title='bbox 625 1035 777 1103; x_wconf 81' lang='lat' dir='ltr'>cogitant3</span> <span class='ocrx_word' id='word_1_57' title='bbox 813 1035 865 1103; x_wconf 91' lang='lat' dir='ltr'>qui</span> <span class='ocrx_word' id='word_1_58' title='bbox 893 1031 1018 1090; x_wconf 91' lang='lat' dir='ltr'>domum</span> <span class='ocrx_word' id='word_1_59' title='bbox 1046 1039 1164 1102; x_wconf 83' lang='lat' dir='ltr'>negant</span> 
     </span>
     <span class='ocr_line' id='line_1_9' title="bbox 263 1132 1161 1206; baseline -0.001 -14"><span class='ocrx_word' id='word_1_60' title='bbox 263 1137 431 1206; x_wconf 88' lang='lat' dir='ltr'>oportuisse</span> <span class='ocrx_word' id='word_1_61' title='bbox 456 1153 506 1191; x_wconf 90' lang='lat' dir='ltr'>me</span> <span class='ocrx_word' id='word_1_62' title='bbox 528 1132 697 1204; x_wconf 87' lang='lat' dir='ltr'>aedificare,</span> <span class='ocrx_word' id='word_1_63' title='bbox 719 1132 853 1191; x_wconf 90' lang='lat' dir='ltr'>vendere</span> <span class='ocrx_word' id='word_1_64' title='bbox 874 1137 961 1190; x_wconf 85' lang='lat' dir='ltr'>aiunt</span> <span class='ocrx_word' id='word_1_65' title='bbox 982 1138 1161 1204; x_wconf 88' lang='lat' dir='ltr'>oportuisse.</span> 
     </span>
     <span class='ocr_line' id='line_1_10' title="bbox 264 1234 1163 1308; baseline -0.003 -14"><span class='ocrx_word' id='word_1_66' title='bbox 264 1235 326 1295; x_wconf 89' lang='lat' dir='ltr'>Sed</span> <span class='ocrx_word' id='word_1_67' title='bbox 344 1235 419 1308; x_wconf 91' lang='lat' dir='ltr'>quid</span> <span class='ocrx_word' id='word_1_68' title='bbox 437 1235 477 1293; x_wconf 90' lang='lat' dir='ltr'>ad</span> <span class='ocrx_word' id='word_1_69' title='bbox 496 1234 565 1306; x_wconf 89' lang='lat' dir='ltr'>hoc,</span> <span class='ocrx_word' id='word_1_70' title='bbox 579 1239 615 1306; x_wconf 92' lang='lat' dir='ltr'>si,</span> <span class='ocrx_word' id='word_1_71' title='bbox 630 1236 738 1306; x_wconf 90' lang='lat' dir='ltr'>quibus</span> <span class='ocrx_word' id='word_1_72' title='bbox 758 1237 920 1293; x_wconf 87' lang='lat' dir='ltr'>sententiis</span> <span class='ocrx_word' id='word_1_73' title='bbox 940 1235 1013 1305; x_wconf 85' lang='lat' dir='ltr'>dixi,</span> <span class='ocrx_word' id='word_1_74' title='bbox 1028 1235 1110 1306; x_wconf 89' lang='lat' dir='ltr'>quod</span> <span class='ocrx_word' id='word_1_75' title='bbox 1129 1243 1163 1293; x_wconf 88' lang='lat' dir='ltr'>et</span> 
     </span>
     <span class='ocr_line' id='line_1_11' title="bbox 262 1336 1163 1420; baseline 0 -26"><span class='ocrx_word' id='word_1_76' title='bbox 262 1341 320 1409; x_wconf 93' lang='lat' dir='ltr'>ipsi</span> <span class='ocrx_word' id='word_1_77' title='bbox 333 1337 507 1408; x_wconf 77' lang='lat' dir='ltr'>probarent,</span> <span class='ocrx_word' id='word_1_78' title='bbox 519 1336 628 1420; x_wconf 85' lang='lat' dir='ltr'>laetati</span> <span class='ocrx_word' id='word_1_79' title='bbox 642 1343 714 1394; x_wconf 90' lang='lat' dir='ltr'>sunt</span> <span class='ocrx_word' id='word_1_80' title='bbox 728 1343 833 1394; x_wconf 82' lang='lat' dir='ltr'>tamen</span> <span class='ocrx_word' id='word_1_81' title='bbox 847 1356 897 1394; x_wconf 92' lang='lat' dir='ltr'>me</span> <span class='ocrx_word' id='word_1_82' title='bbox 912 1343 1018 1393; x_wconf 87' lang='lat' dir='ltr'>contra</span> <span class='ocrx_word' id='word_1_83' title='bbox 1036 1337 1163 1408; x_wconf 90' lang='lat' dir='ltr'>Pompei</span> 
     </span>
     <span class='ocr_line' id='line_1_12' title="bbox 262 1436 1163 1510; baseline 0 -15"><span class='ocrx_word' id='word_1_84' title='bbox 262 1437 453 1496; x_wconf 86' lang='lat' dir='ltr'>voluntatem</span> <span class='ocrx_word' id='word_1_85' title='bbox 470 1437 601 1495; x_wconf 82' lang='lat' dir='ltr'>dixisse?</span> <span class='ocrx_word' id='word_1_86' title='bbox 644 1437 727 1495; x_wconf 90' lang='lat' dir='ltr'>Finis</span> <span class='ocrx_word' id='word_1_87' title='bbox 746 1441 794 1495; x_wconf 89' lang='lat' dir='ltr'>sit.</span> <span class='ocrx_word' id='word_1_88' title='bbox 839 1436 1000 1509; x_wconf 83' lang='lat' dir='ltr'>Quoniam,</span> <span class='ocrx_word' id='word_1_89' title='bbox 1015 1442 1068 1510; x_wconf 85' lang='lat' dir='ltr'>qui</span> <span class='ocrx_word' id='word_1_90' title='bbox 1085 1437 1163 1495; x_wconf 91' lang='lat' dir='ltr'>nihil</span> 
     </span>
     <span class='ocr_line' id='line_1_13' title="bbox 263 1537 1163 1612; baseline 0.002 -17"><span class='ocrx_word' id='word_1_91' title='bbox 263 1545 400 1612; x_wconf 89' lang='lat' dir='ltr'>possunt,</span> <span class='ocrx_word' id='word_1_92' title='bbox 411 1541 433 1595; x_wconf 90' lang='lat' dir='ltr'>ii</span> <span class='ocrx_word' id='word_1_93' title='bbox 447 1558 497 1596; x_wconf 88' lang='lat' dir='ltr'>me</span> <span class='ocrx_word' id='word_1_94' title='bbox 508 1538 619 1596; x_wconf 91' lang='lat' dir='ltr'>nolunt</span> <span class='ocrx_word' id='word_1_95' title='bbox 632 1558 743 1610; x_wconf 85' lang='lat' dir='ltr'>amare,</span> <span class='ocrx_word' id='word_1_96' title='bbox 755 1537 862 1597; x_wconf 90' lang='lat' dir='ltr'>demus</span> <span class='ocrx_word' id='word_1_97' title='bbox 871 1558 1004 1610; x_wconf 87' lang='lat' dir='ltr'>operam,</span> <span class='ocrx_word' id='word_1_98' title='bbox 1013 1538 1101 1597; x_wconf 86' lang='lat' dir='ltr'>ut·ab</span> <span class='ocrx_word' id='word_1_99' title='bbox 1115 1543 1163 1611; x_wconf 92' lang='lat' dir='ltr'>iis,</span> 
     </span>
     <span class='ocr_line' id='line_1_14' title="bbox 263 1626 1263 1713; baseline 0.002 -15"><span class='ocrx_word' id='word_1_100' title='bbox 263 1644 316 1713; x_wconf 85' lang='lat' dir='ltr'>qui</span> <span class='ocrx_word' id='word_1_101' title='bbox 324 1647 460 1712; x_wconf 90' lang='lat' dir='ltr'>possunt,</span> <span class='ocrx_word' id='word_1_102' title='bbox 467 1639 638 1711; x_wconf 80' lang='lat' dir='ltr'>diligamur.</span> <span class='ocrx_word' id='word_1_103' title='bbox 662 1640 771 1698; x_wconf 89' lang='lat' dir='ltr'>Dices:</span> <span class='ocrx_word' id='word_1_104' title='bbox 783 1626 929 1698; x_wconf 86' lang='lat' dir='ltr'>“Vellem</span> <span class='ocrx_word' id='word_1_105' title='bbox 940 1644 1001 1698; x_wconf 93' lang='lat' dir='ltr'>iam</span> <span class='ocrx_word' id='word_1_106' title='bbox 1011 1641 1161 1713; x_wconf 88' lang='lat' dir='ltr'>pridem.”</span> <span class='ocrx_word' id='word_1_107' title='bbox 1262 1681 1263 1686; x_wconf 22' lang='grc' dir='ltr'><strong>κ</strong></span> 
     </span>
     <span class='ocr_line' id='line_1_15' title="bbox 264 1741 1164 1814; baseline 0.002 -13"><span class='ocrx_word' id='word_1_108' title='bbox 264 1741 333 1801; x_wconf 87' lang='lat' dir='ltr'>Scio</span> <span class='ocrx_word' id='word_1_109' title='bbox 347 1750 380 1800; x_wconf 90' lang='lat' dir='ltr'>te</span> <span class='ocrx_word' id='word_1_110' title='bbox 391 1741 520 1800; x_wconf 88' lang='lat' dir='ltr'>voluisse</span> <span class='ocrx_word' id='word_1_111' title='bbox 531 1749 564 1800; x_wconf 88' lang='lat' dir='ltr'>et</span> <span class='ocrx_word' id='word_1_112' title='bbox 574 1761 625 1800; x_wconf 90' lang='lat' dir='ltr'>me</span> <span class='ocrx_word' id='word_1_113' title='bbox 636 1745 754 1800; x_wconf 90' lang='lat' dir='ltr'>asinum</span> <span class='ocrx_word' id='word_1_114' title='bbox 764 1761 944 1814; x_wconf 81' lang='lat' dir='ltr'>germanum</span> <span class='ocrx_word' id='word_1_115' title='bbox 954 1742 1055 1802; x_wconf 87' lang='lat' dir='ltr'>fuisse.</span> <span class='ocrx_word' id='word_1_116' title='bbox 1099 1743 1164 1803; x_wconf 87' lang='lat' dir='ltr'>Sed</span> 
     </span>
     <span class='ocr_line' id='line_1_16' title="bbox 263 1843 1163 1914; baseline 0.004 -15"><span class='ocrx_word' id='word_1_117' title='bbox 263 1846 324 1900; x_wconf 89' lang='lat' dir='ltr'>iam</span> <span class='ocrx_word' id='word_1_118' title='bbox 337 1850 459 1914; x_wconf 89' lang='lat' dir='ltr'>tempus</span> <span class='ocrx_word' id='word_1_119' title='bbox 474 1850 521 1901; x_wconf 90' lang='lat' dir='ltr'>est</span> <span class='ocrx_word' id='word_1_120' title='bbox 535 1863 585 1902; x_wconf 94' lang='lat' dir='ltr'>me</span> <span class='ocrx_word' id='word_1_121' title='bbox 599 1846 700 1914; x_wconf 86' lang='lat' dir='ltr'>ipsum</span> <span class='ocrx_word' id='word_1_122' title='bbox 713 1863 731 1900; x_wconf 89' lang='lat' dir='ltr'>a</span> <span class='ocrx_word' id='word_1_123' title='bbox 744 1863 795 1901; x_wconf 92' lang='lat' dir='ltr'>me</span> <span class='ocrx_word' id='word_1_124' title='bbox 806 1848 910 1914; x_wconf 86' lang='lat' dir='ltr'>amari,</span> <span class='ocrx_word' id='word_1_125' title='bbox 921 1843 1043 1914; x_wconf 91' lang='lat' dir='ltr'>quando</span> <span class='ocrx_word' id='word_1_126' title='bbox 1053 1845 1092 1902; x_wconf 89' lang='lat' dir='ltr'>ab</span> <span class='ocrx_word' id='word_1_127' title='bbox 1103 1844 1163 1905; x_wconf 90' lang='lat' dir='ltr'>illis</span> 
     </span>
     <span class='ocr_line' id='line_1_17' title="bbox 263 1934 720 2015; baseline 0.004 -15"><span class='ocrx_word' id='word_1_128' title='bbox 263 1944 348 2001; x_wconf 90' lang='lat' dir='ltr'>nullo</span> <span class='ocrx_word' id='word_1_129' title='bbox 362 1944 453 2002; x_wconf 90' lang='lat' dir='ltr'>modo</span> <span class='ocrx_word' id='word_1_130' title='bbox 467 1964 597 2015; x_wconf 85' lang='lat' dir='ltr'>possum.</span> <span class='ocrx_word' id='word_1_131' title='bbox 716 1934 720 1939; x_wconf 39' lang='lat'><strong>¹</strong></span> 
     </span>
    </p>
   </div>
   <div class='ocr_carea' id='block_1_3' title="bbox 263 2044 1195 2583">
    <p class='ocr_par' dir='ltr' id='par_1_3' title="bbox 263 2044 1195 2583">
     <span class='ocr_line' id='line_1_18' title="bbox 306 2044 1163 2117; baseline 0.005 -15"><span class='ocrx_word' id='word_1_132' title='bbox 306 2044 439 2103; x_wconf 93' lang='lat' dir='ltr'>Domum</span> <span class='ocrx_word' id='word_1_133' title='bbox 453 2065 552 2104; x_wconf 89' lang='lat' dir='ltr'>meam</span> <span class='ocrx_word' id='word_1_134' title='bbox 570 2044 651 2117; x_wconf 89' lang='lat' dir='ltr'>quod</span> <span class='ocrx_word' id='word_1_135' title='bbox 669 2046 775 2103; x_wconf 91' lang='lat' dir='ltr'>crebro</span> <span class='ocrx_word' id='word_1_136' title='bbox 791 2048 895 2103; x_wconf 88' lang='lat' dir='ltr'>invisis</span> <span class='ocrx_word' id='word_1_137' title='bbox 912 2054 961 2104; x_wconf 90' lang='lat' dir='ltr'>est</span> <span class='ocrx_word' id='word_1_138' title='bbox 979 2047 1055 2104; x_wconf 90' lang='lat' dir='ltr'>mihi</span> <span class='ocrx_word' id='word_1_139' title='bbox 1073 2048 1163 2106; x_wconf 86' lang='lat' dir='ltr'>valde</span> 
     </span>
     <span class='ocr_line' id='line_1_19' title="bbox 263 2128 1165 2213; baseline 0.003 -14"><span class='ocrx_word' id='word_1_140' title='bbox 263 2148 392 2213; x_wconf 79' lang='lat' dir='ltr'>gratum.</span> <span class='ocrx_word' id='word_1_141' title='bbox 437 2141 589 2200; x_wconf 88' lang='lat' dir='ltr'>Viaticum</span> <span class='ocrx_word' id='word_1_142' title='bbox 604 2142 754 2213; x_wconf 85' lang='lat' dir='ltr'>Crassipes</span> <span class='ocrx_word' id='word_1_143' title='bbox 772 2146 924 2213; x_wconf 89' lang='lat' dir='ltr'>praeripit.</span> <span class='ocrx_word' id='word_1_144' title='bbox 970 2142 1016 2200; x_wconf 92' lang='lat' dir='ltr'>Tu</span> <span class='ocrx_word' id='word_1_145' title='bbox 1032 2128 1165 2202; x_wconf 80' lang='lat' dir='ltr'>“devia</span> 
     </span>
     <span class='ocr_line' id='line_1_20' title="bbox 263 2237 1165 2311; baseline 0.004 -17"><span class='ocrx_word' id='word_1_146' title='bbox 263 2246 347 2296; x_wconf 87' lang='lat' dir='ltr'>recta</span> <span class='ocrx_word' id='word_1_147' title='bbox 361 2242 393 2294; x_wconf 93' lang='lat' dir='ltr'>in</span> <span class='ocrx_word' id='word_1_148' title='bbox 407 2237 540 2296; x_wconf 87' lang='lat' dir='ltr'>hortos.”</span> <span class='ocrx_word' id='word_1_149' title='bbox 585 2238 715 2295; x_wconf 87' lang='lat' dir='ltr'>Videtur</span> <span class='ocrx_word' id='word_1_150' title='bbox 730 2238 916 2296; x_wconf 89' lang='lat' dir='ltr'>commodius</span> <span class='ocrx_word' id='word_1_151' title='bbox 930 2238 969 2296; x_wconf 88' lang='lat' dir='ltr'>ad</span> <span class='ocrx_word' id='word_1_152' title='bbox 983 2246 1031 2297; x_wconf 87' lang='lat' dir='ltr'>te:</span> <span class='ocrx_word' id='word_1_153' title='bbox 1053 2246 1165 2311; x_wconf 89' lang='lat' dir='ltr'>postri-</span> 
     </span>
     <span class='ocr_line' id='line_1_21' title="bbox 263 2332 1195 2417; baseline 0.002 -25"><span class='ocrx_word' id='word_1_154' title='bbox 263 2334 314 2392; x_wconf 90' lang='lat' dir='ltr'>die</span> <span class='ocrx_word' id='word_1_155' title='bbox 325 2332 457 2401; x_wconf 81' lang='lat' dir='ltr'>seilicet3</span> <span class='ocrx_word' id='word_1_156' title='bbox 471 2333 546 2406; x_wconf 90' lang='lat' dir='ltr'>quid</span> <span class='ocrx_word' id='word_1_157' title='bbox 556 2338 639 2392; x_wconf 90' lang='lat' dir='ltr'>enim</span> <span class='ocrx_word' id='word_1_158' title='bbox 649 2334 722 2391; x_wconf 82' lang='lat' dir='ltr'>tua?</span> <span class='ocrx_word' id='word_1_159' title='bbox 758 2333 820 2392; x_wconf 91' lang='lat' dir='ltr'>Sed</span> <span class='ocrx_word' id='word_1_160' title='bbox 831 2334 1002 2392; x_wconf 83' lang='lat' dir='ltr'>viderimus</span> <span class='ocrx_word' id='word_1_161' title='bbox 1048 2334 1163 2394; x_wconf 87' lang='lat' dir='ltr'>Biblio-</span> <span class='ocrx_word' id='word_1_162' title='bbox 1193 2410 1195 2417; x_wconf 18' lang='lat' dir='ltr'>y</span> 
     </span>
     <span class='ocr_line' id='line_1_22' title="bbox 263 2428 1162 2503; baseline 0.006 -17"><span class='ocrx_word' id='word_1_163' title='bbox 263 2428 386 2486; x_wconf 84' lang='lat' dir='ltr'>thecam</span> <span class='ocrx_word' id='word_1_164' title='bbox 399 2429 476 2486; x_wconf 92' lang='lat' dir='ltr'>mihi</span> <span class='ocrx_word' id='word_1_165' title='bbox 488 2434 535 2487; x_wconf 92' lang='lat' dir='ltr'>tui</span> <span class='ocrx_word' id='word_1_166' title='bbox 553 2434 719 2502; x_wconf 87' lang='lat' dir='ltr'>pinxerunt</span> <span class='ocrx_word' id='word_1_167' title='bbox 738 2434 964 2489; x_wconf 86' lang='lat' dir='ltr'>constructione</span> <span class='ocrx_word' id='word_1_168' title='bbox 984 2438 1017 2488; x_wconf 89' lang='lat' dir='ltr'>et</span> <span class='ocrx_word' id='word_1_169' title='bbox 1036 2430 1162 2503; x_wconf 85' lang='lat' dir='ltr'>sillybis.</span> 
     </span>
     <span class='ocr_line' id='line_1_23' title="bbox 264 2524 557 2583; baseline 0.007 -2"><span class='ocrx_word' id='word_1_170' title='bbox 264 2524 323 2582; x_wconf 91' lang='lat' dir='ltr'>Eos</span> <span class='ocrx_word' id='word_1_171' title='bbox 339 2524 430 2583; x_wconf 90' lang='lat' dir='ltr'>velim</span> <span class='ocrx_word' id='word_1_172' title='bbox 443 2524 557 2583; x_wconf 89' lang='lat' dir='ltr'>laudes.</span> 
     </span>
    </p>
   </div>
   <div class='ocr_carea' id='block_1_4' title="bbox 50 2886 1260 3250">
    <p class='ocr_par' dir='ltr' id='par_1_4' title="bbox 50 2886 1260 3250">
     <span class='ocr_line' id='line_1_24' title="bbox 563 2886 1260 2941; baseline 0 -16"><span class='ocrx_word' id='word_1_173' title='bbox 563 2886 667 2925; x_wconf 75' lang='lat' dir='ltr'>menno</span> <span class='ocrx_word' id='word_1_174' title='bbox 681 2886 787 2925; x_wconf 73' lang='lat' dir='ltr'>arrrco</span> <span class='ocrx_word' id='word_1_175' title='bbox 801 2888 859 2926; x_wconf 74' lang='lat' dir='ltr'>sau.</span> <span class='ocrx_word' id='word_1_176' title='bbox 1258 2930 1260 2941; x_wconf 21' lang='grc' dir='ltr'>Α</span> 
     </span>
     <span class='ocr_line' id='line_1_25' title="bbox 50 2956 1253 3039; baseline 0.003 -17"><span class='ocrx_word' id='word_1_177' title='bbox 50 2979 109 3038; x_wconf 48' lang='lat' dir='ltr'><em>Sor·</em></span> <span class='ocrx_word' id='word_1_178' title='bbox 126 2980 155 3039; x_wconf 53' lang='grc' dir='ltr'>ᾖ,</span> <span class='ocrx_word' id='word_1_179' title='bbox 168 2980 236 3039; x_wconf 65' lang='lat'>„3114</span> <span class='ocrx_word' id='word_1_180' title='bbox 305 2963 354 3022; x_wconf 91' lang='lat' dir='ltr'>De</span> <span class='ocrx_word' id='word_1_181' title='bbox 370 2962 502 3022; x_wconf 87' lang='lat' dir='ltr'>Lentulo</span> <span class='ocrx_word' id='word_1_182' title='bbox 517 2963 634 3021; x_wconf 87' lang='lat' dir='ltr'>scilicet</span> <span class='ocrx_word' id='word_1_183' title='bbox 648 2967 690 3021; x_wconf 89' lang='lat' dir='ltr'>sic</span> <span class='ocrx_word' id='word_1_184' title='bbox 705 2964 780 3035; x_wconf 89' lang='lat' dir='ltr'>fero,</span> <span class='ocrx_word' id='word_1_185' title='bbox 795 2973 831 3022; x_wconf 89' lang='lat' dir='ltr'>ut</span> <span class='ocrx_word' id='word_1_186' title='bbox 845 2963 951 3023; x_wconf 88' lang='lat' dir='ltr'>debeo.</span> <span class='ocrx_word' id='word_1_187' title='bbox 989 2966 1095 3025; x_wconf 90' lang='lat' dir='ltr'>Virum</span> <span class='ocrx_word' id='word_1_188' title='bbox 1109 2968 1164 3026; x_wconf 88' lang='lat' dir='ltr'>bo·</span> <span class='ocrx_word' id='word_1_189' title='bbox 1249 2956 1253 2968; x_wconf 53' lang='lat'><strong><em>⁴</em></strong></span> 
     </span>
     <span class='ocr_line' id='line_1_26' title="bbox 50 3057 1259 3136; baseline 0.007 -20"><span class='ocrx_word' id='word_1_190' title='bbox 50 3083 84 3121; x_wconf 85' lang='lat' dir='ltr'>m.</span> <span class='ocrx_word' id='word_1_191' title='bbox 101 3064 171 3136; x_wconf 81' lang='lat' dir='ltr'>Apr,</span> <span class='ocrx_word' id='word_1_192' title='bbox 188 3074 236 3122; x_wconf 77' lang='lat' dir='ltr'>aut</span> <span class='ocrx_word' id='word_1_193' title='bbox 263 3079 336 3116; x_wconf 91' lang='lat' dir='ltr'>num</span> <span class='ocrx_word' id='word_1_194' title='bbox 351 3066 384 3118; x_wconf 89' lang='lat' dir='ltr'>et</span> <span class='ocrx_word' id='word_1_195' title='bbox 398 3079 543 3130; x_wconf 78' lang='lat' dir='ltr'>magnum</span> <span class='ocrx_word' id='word_1_196' title='bbox 557 3057 713 3118; x_wconf 90' lang='lat' dir='ltr'>hominem</span> <span class='ocrx_word' id='word_1_197' title='bbox 728 3067 760 3119; x_wconf 90' lang='lat' dir='ltr'>et</span> <span class='ocrx_word' id='word_1_198' title='bbox 774 3066 807 3117; x_wconf 90' lang='lat' dir='ltr'>in</span> <span class='ocrx_word' id='word_1_199' title='bbox 821 3063 1162 3133; x_wconf 78' lang='lat' dir='ltr'>summamagnitudme</span> <span class='ocrx_word' id='word_1_200' title='bbox 1258 3076 1259 3083; x_wconf 77' lang='grc'>’</span> 
     </span>
     <span class='ocr_line' id='line_1_27' title="bbox 52 3146 1163 3250; baseline 0.013 -46"><span class='ocrx_word' id='word_1_201' title='bbox 52 3146 125 3205; x_wconf 76' lang='grc' dir='ltr'><strong>Μαί.</strong></span> <span class='ocrx_word' id='word_1_202' title='bbox 142 3168 168 3206; x_wconf 85' lang='lat' dir='ltr'>a.</span> <span class='ocrx_word' id='word_1_203' title='bbox 189 3146 250 3207; x_wconf 84' lang='lat'>698</span> <span class='ocrx_word' id='word_1_204' title='bbox 262 3159 355 3213; x_wconf 88' lang='lat' dir='ltr'>animi</span> <span class='ocrx_word' id='word_1_205' title='bbox 369 3155 466 3214; x_wconf 89' lang='lat' dir='ltr'>multa</span> <span class='ocrx_word' id='word_1_206' title='bbox 476 3155 667 3237; x_wconf 81' lang='lat' dir='ltr'>humanitate</span> <span class='ocrx_word' id='word_1_207' title='bbox 678 3163 884 3230; x_wconf 88' lang='lat' dir='ltr'>temperatum</span> <span class='ocrx_word' id='word_1_208' title='bbox 894 3158 1081 3230; x_wconf 89' lang='lat' dir='ltr'>perdidimus</span> <span class='ocrx_word' id='word_1_209' title='bbox 1092 3180 1163 3250; x_wconf 73' lang='lat' dir='ltr'>nos-</span> 
     </span>
    </p>
   </div>
   <div class='ocr_carea' id='block_1_5' title="bbox 346 3270 407 3322">
    <p class='ocr_par' dir='ltr' id='par_1_5' title="bbox 346 3270 407 3322">
     <span class='ocr_line' id='line_1_28' title="bbox 346 3270 407 3322; baseline 0 0"><span class='ocrx_word' id='word_1_210' title='bbox 346 3270 407 3322; x_wconf 70' lang='lat'>284</span> 
     </span>
    </p>
   </div>
   <div class='ocr_carea' id='block_1_6' title="bbox 0 0 1269 3850">
    <p class='ocr_par' dir='ltr' id='par_1_6' title="bbox 0 0 1269 3850">
     <span class='ocr_line' id='line_1_29' title="bbox 0 0 1269 3850; baseline 0 0"><span class='ocrx_word' id='word_1_211' title='bbox 0 0 1269 3850; x_wconf 95' lang='lat' dir='ltr'> </span> 
     </span>
    </p>
   </div>
  </div>
 </body>
</html>
