2498 3850
446 299 617 359 MARCUS
638 298 821 358 TULLIUS
843 297 993 357 CICERO

269 450 386 505 iniuria.
432 444 540 517 ltaque
563 444 756 502 Archilochia
777 448 809 500 in
830 442 917 502 illum
941 442 1042 502 edicta
1067 442 1167 502 Bibuli

270 547 383 619 populo
403 549 447 604 ita
466 554 537 605 sunt
556 544 697 616 iucunda,
711 551 747 603 ut
768 563 839 603 eum
859 544 970 616 locum,
984 545 1037 602 ubi
1058 564 1166 618 propo-

269 655 397 718 nuntur‚'
409 666 481 719 prae
495 646 693 704 multitudine
708 664 822 715 eorum,
837 649 890 717 qui
903 644 1023 718 legunt,
1037 651 1165 704 transire

268 766 465 820 nequeamus,
483 752 540 820 ipsi
557 752 600 806 ita
618 749 737 817 acerba,
751 755 787 805 ut
803 749 940 805 tabescat
959 746 1073 818 dolore,
1090 748 1166 806 mihi
1201 748 1204 756 ’

268 848 443 908 mehercule
453 848 592 920 molesta,
600 848 682 920 quod
693 857 726 907 et
737 868 818 919 eum,
829 867 921 919 quem
931 868 1052 920 semper
1061 847 1165 922 dilexi,

267 955 357 1010 nimis
372 955 556 1022 excruciant,
568 958 601 1009 et
611 954 715 1022 timeo,
727 958 791 1008 tam
805 949 971 1008 vehemens
984 954 1030 1007 vir
1040 958 1165 1022 tamque

266 1072 336 1111 acer
356 1057 388 1110 in
408 1052 488 1110 ferro
511 1060 544 1111 et
565 1060 629 1110 tam
649 1056 786 1110 insuetus
804 1051 1007 1109 contumeliae
1024 1071 1064 1110 ne
1082 1057 1165 1111 omni

216 1207 222 1220 ,
266 1158 359 1211 animi
373 1159 491 1229 impetu
506 1153 602 1211 dolori
617 1160 650 1210 et
664 1152 836 1211 iracundiae
851 1160 963 1224 pareat.

308 1255 410 1313 Bibuli
424 1259 477 1327 qui
491 1259 531 1312 sit
545 1258 645 1312 exitus
660 1253 790 1323 futurus
804 1258 915 1312 nescio.
961 1253 1006 1313 Ut
1020 1274 1101 1313 nunc
1115 1275 1164 1315 res

266 1375 299 1415 se
318 1355 424 1428 habet,
437 1356 605 1414 admirabili
623 1356 720 1429 gloria
735 1362 789 1414 est.
835 1354 981 1426 Quicum
995 1359 1117 1414 comitia
1131 1361 1164 1415 in

265 1476 403 1515 mensem
414 1456 580 1516 Octobrem
591 1455 769 1528 distulisset,
780 1456 862 1528 quod
871 1457 949 1515 solet
958 1476 994 1514 ea
1002 1476 1051 1515 res
1059 1458 1164 1529 populi

265 1557 455 1616 voluntatem
483 1557 646 1629 offendere,
668 1565 791 1629 putarat
816 1557 925 1615 Caesar
949 1562 1084 1617 oratione
1110 1578 1164 1618 sua

264 1677 353 1731 posse
367 1658 483 1731 impelli
498 1661 681 1729 contionem,
697 1667 732 1717 ut
751 1662 810 1716 iret
824 1658 864 1716 ad
884 1658 1045 1728 Bibulum;
1065 1660 1165 1718 multa

264 1778 335 1817 cum
364 1758 589 1817 seditiosissime
617 1758 744 1829 diceret,
768 1778 874 1816 vocem
903 1763 1071 1830 exprimere
1099 1781 1164 1819 non

264 1863 372 1931 potuit.
418 1857 502 1930 Quid
529 1860 671 1930 quaeris?
703 1863 841 1917 sentiunt
870 1879 902 1917 se
930 1858 1046 1917 nullam
1070 1861 1162 1921 ullius

263 1963 357 2032 partis
378 1959 568 2017 voluntatem
590 1966 706 2017 tenere.
751 1959 796 2017 Eo
815 1964 912 2032 magis
934 1964 979 2018 vis
1001 1960 1088 2019 nobis
1113 1970 1162 2021 est

263 2060 407 2119 timenda.
1100 2124 1104 2133 ,

304 2161 427 2220 Clodius
448 2164 588 2219 inimicus
610 2169 658 2219 est
680 2162 775 2219 nobis.
821 2161 982 2234 Pompeius
1002 2162 1162 2224 confirmat

263 2282 333 2321 eum
347 2262 423 2320 nihil
439 2281 504 2320 esse
519 2260 670 2320 facturum
685 2269 790 2320 contra
808 2283 867 2321 me.
912 2263 991 2321 Mihi
1011 2263 1161 2335 periculo-
1233 2250 1234 2253 Ἰ

261 2383 329 2422 sum
350 2371 398 2421 est
419 2363 554 2434 credere,
568 2363 606 2420 ad
630 2362 834 2421 resistendum
854 2384 905 2422 me
926 2384 1006 2435 paro.
1051 2360 1168 2423 Studia

262 2483 349 2536 spero
363 2483 413 2521 me
431 2483 548 2522 summa
568 2463 744 2522 habiturum
764 2468 899 2522 omnium
921 2462 1067 2522 ordinum.
1112 2465 1160 2524 Te

260 2584 331 2623 cum
342 2584 399 2636 ego
410 2564 559 2635 desidero,
569 2572 636 2623 tum
647 2584 718 2622 vero
729 2585 777 2623 res
787 2565 827 2623 ad
842 2573 962 2637 tempus
973 2564 1049 2623 illud
1059 2575 1157 2626 vocat.

262 2665 428 2723 Plurimum
438 2665 564 2737 consilii,
576 2669 678 2736 animi,
690 2665 831 2737 praesidii
844 2666 977 2737 denique
988 2665 1074 2737 mihi,
1085 2672 1111 2725 si
1125 2676 1159 2726 te
1233 2662 1234 2695 l

259 2765 299 2823 ad
317 2772 439 2837 tempus
453 2765 567 2837 videro,
581 2771 749 2824 accesserit.
785 2768 878 2824 Varro
891 2766 967 2824 mihi
984 2771 1055 2825 satis
1073 2767 1156 2826 facit
1171 2760 1173 2763 ¹

261 2865 421 2938 Pompeius
443 2866 578 2938 loquitur
599 2867 751 2926 divinitus
797 2868 892 2939 Spero
915 2887 969 2925 nos
995 2876 1049 2927 aut
1072 2877 1158 2928 certe

259 2988 328 3026 cum
342 2987 459 3025 summa
475 2968 571 3039 gloria
584 2976 638 3027 aut
658 2974 751 3027 etiam
765 2972 830 3026 sine
849 2968 988 3026 molestia
1009 2969 1158 3029 discessu-

258 3084 314 3122 ros.
359 3063 406 3121 Tu
431 3064 505 3135 quid
529 3085 611 3136 agas,
629 3085 721 3136 quem
744 3064 783 3122 ad
806 3064 931 3122 modum
954 3072 986 3122 te
1010 3065 1159 3139 oblectes,

258 3159 331 3232 quid
347 3180 416 3218 cum
430 3159 578 3232 Sicyoniis
593 3165 701 3232 egeris,
716 3169 751 3220 ut
766 3165 868 3231 sciam,
883 3180 960 3217 cura

344 3259 400 3318 178
