2494 3854
438 314 609 378 MARCUS
630 312 812 377 TULLIUS
834 311 984 375 CICERO

263 436 322 501 hoc
337 461 449 501 novum
464 441 503 500 de
519 441 668 512 Cibyratis
682 439 846 511 pantheris.
885 439 1020 496 Multum
1033 445 1066 496 te
1081 457 1157 508 amo,

264 536 346 611 quod
370 537 554 611 respondisti
577 536 619 595 M.
644 537 772 596 Octavio
793 543 826 593 te
851 555 914 593 non
937 543 1053 608 putare.
1099 533 1159 592 Sed

264 634 390 706 posthac
399 637 509 704 omnia,
518 653 596 704 quae
607 641 690 691 recta
698 652 760 689 non
772 639 871 703 erunt,
878 651 933 704 pro
944 637 1028 688 certo
1038 637 1156 701 negato.
1205 700 1208 705 ⁴

265 712 329 787 Nos
344 733 426 787 enim
441 737 474 787 et
492 735 595 787 nostra
609 736 718 800 sponte
732 728 812 785 bene
833 727 911 801 firmi
934 735 967 785 et
985 724 1157 784 mehercule

178 850 180 855 ’
264 829 446 882 auctoritate
461 832 515 882 tua
529 824 706 881 inflammati
721 827 847 881 vicimus
861 842 966 889 omnes
981 809 1053 891 (hoc
1068 830 1103 879 tu
1117 825 1157 878 ita
1231 874 1232 879 ,

264 908 412 997 reperies)
427 940 496 978 cum
509 920 695 977 abstinentia
708 927 775 977 tum
789 923 915 989 iustitia,
929 917 1086 987 facilitate,
1100 917 1159 974 cle·

265 1020 389 1074 mentia.
435 1017 514 1074 Cave
528 1023 618 1087 putes
640 1019 801 1086 quicquam
822 1014 961 1071 homines
978 1017 1075 1084 magis
1095 1033 1159 1070 um-

266 1132 357 1191 quam
387 1132 453 1170 esse
478 1115 601 1169 miratos
630 1131 721 1181 quam
749 1110 868 1168 nullum
896 1113 1084 1167 terruncium
1111 1129 1159 1166 me

266 1208 426 1265 obtinente
448 1211 633 1279 provinciam
657 1215 795 1278 sumptus
818 1206 934 1263 factum
959 1225 1026 1263 esse
1048 1204 1106 1262 nec
1128 1209 1160 1262 in

266 1323 332 1360 rem
356 1303 508 1374 publicam
531 1307 640 1361 necin
664 1322 847 1373 quemquam
870 1321 1007 1359 meorum
1027 1308 1161 1373 praeter-

267 1419 357 1469 quam
371 1403 404 1455 in
416 1398 449 1455 L.
460 1398 595 1459 Tullium
603 1398 747 1469 legatum.
787 1398 817 1455 ls
829 1401 985 1468 ceteroqui
995 1397 1162 1468 abstinens,

267 1493 321 1552 sed
337 1493 413 1551 Iulia
427 1494 497 1564 lege
511 1483 697 1564 transitanS,1
713 1494 807 1552 semel
822 1501 926 1551 tamen
940 1497 973 1550 in
988 1493 1081 1563 diem,
1090 1513 1162 1564 non,

267 1597 302 1647 ut
320 1589 372 1646 alii
394 1588 542 1660 solebant,
560 1591 699 1647 omnibus
722 1593 794 1647 vicis
816 1577 952 1660 (praeter
974 1609 1045 1646 eum
1068 1589 1163 1647 semel

267 1705 359 1743 nemo
381 1673 513 1756 accepit)
535 1685 619 1756 facit,
643 1693 678 1743 ut
699 1684 775 1743 mihi
798 1684 995 1756 excipiendus
1020 1690 1069 1755 sit,
1093 1705 1164 1743 cum

267 1785 455 1839 terruncium
483 1801 564 1852 nego
593 1786 731 1853 sumptus
759 1781 883 1838 factum.
939 1776 1065 1838 Praeter
1093 1787 1165 1839 eum

267 1881 386 1948 accepit
407 1896 506 1935 nemo.
552 1878 618 1934 Has
635 1898 653 1934 a
671 1885 775 1935 nostro
795 1875 831 1948 Q.
851 1876 966 1935 Titinio
989 1876 1092 1960 sordes
1114 1897 1165 1935 ac·

268 1985 410 2036 cepimus.

311 2054 377 2126 Ego
390 2058 511 2112 aestivis
520 2054 667 2112 confectis
682 2047 833 2126 Quintum
844 2053 970 2112 fratrem
984 2054 1120 2114 hibernis
1133 2063 1167 2114 et

269 2142 390 2201 Ciliciae
405 2142 545 2215 praefeci.
590 2141 627 2214 Q.
645 2142 811 2214 Volusium,
826 2147 873 2200 tui
887 2141 990 2200 Tiberi
1003 2146 1166 2216 generum,

268 2240 386 2290 certum
411 2232 566 2290 hominem
595 2240 628 2290 et
650 2231 774 2307 mirifice
803 2232 1020 2302 abstinentem,
1039 2222 1107 2290 misi
1133 2237 1167 2291 in

269 2321 411 2393 Cyprum,
426 2327 461 2378 ut
472 2322 514 2391 ibi
528 2320 671 2392 pauculos
683 2320 748 2378 dies
759 2328 850 2391 esset,
865 2340 905 2378 ne
925 2325 1005 2379 cives
1028 2321 1168 2392 Romani,

269 2414 357 2482 pauci
371 2413 423 2481 qui
437 2409 499 2466 illic
513 2414 719 2481 negotiantur,
735 2414 781 2468 ius
793 2410 850 2467 sibi
864 2410 981 2468 dictum
995 2418 1168 2481 negarent3

268 2519 340 2556 nam
363 2503 480 2556 evocari
503 2518 541 2556 ex
560 2498 657 2556 insula
682 2478 806 2570 Cyprios
831 2499 997 2557 nonlicet.
1042 2498 1114 2570 lpse
1135 2504 1169 2558 in
1231 2570 1232 2573 Ἰ

269 2587 373 2645 Asiam
387 2587 541 2658 profectus
555 2606 622 2644 sum
636 2586 728 2645 Tarso
743 2587 839 2645 Nonis
855 2587 1010 2658 Ianuariis,
1025 2607 1087 2644 non
1101 2608 1170 2647 me·
1231 2576 1232 2617 3

269 2675 393 2734 hercule
407 2676 468 2734 diei
482 2683 585 2747 potest
599 2696 658 2747 qua
668 2675 867 2734 admiratione
877 2676 999 2734 Ciliciae
1008 2680 1171 2735 civitatum
1231 2746 1232 2759 χ

269 2768 460 2836 maximeque
474 2763 674 2822 Tarsensium.
721 2764 829 2822 Postea
843 2784 914 2822 vero
928 2784 1019 2836 quam
1033 2763 1172 2824 Taurum

269 2860 472 2923 transgressus
487 2870 564 2923 sum,
578 2852 703 2910 mirifica
725 2858 914 2926 exspectatio
934 2854 1025 2911 Asiae
1047 2862 1171 2912 nostra·

269 2962 337 3000 rum
361 2941 558 3013 dioecesium,
587 2960 664 3013 quae
693 2961 746 3000 sex
774 2942 929 3000 mensibus
957 2946 1077 3015 imperii
1105 2947 1171 3001 mei

269 3031 367 3089 nullas
391 3046 474 3089 meas
496 3038 656 3102 acceperat
677 3029 805 3101 litteras,
825 3040 991 3102 numquam
1013 3030 1172 3103 hospitem

302 3125 311 3157 ¹
327 3128 478 3176 transitans
489 3127 656 3175 Manutius:
674 3127 819 3176 transitam
832 3124 881 3176 M:
904 3127 1065 3192 pransitans
1082 3128 1173 3178 Peerl-

269 3190 367 3258 kamp:
385 3193 541 3243 intransitu
556 3194 665 3257 Pyrrell.
711 3230 716 3235 .

353 3276 414 3328 402
