2512 3958
439 440 609 500 MARCUS
630 439 812 499 TULLIUS
835 439 987 498 CICERO·
1069 443 1077 460 ⁰

690 657 735 714 IX

564 771 668 809 CICERO
682 770 787 808 ATTICO
802 771 858 809 SAL.

52 842 231 901 &alternae
306 849 441 906 Nimium
469 867 536 905 raro
563 849 651 905 nobis
679 848 732 905 abs
760 856 792 905 te
820 848 941 906 litterae
970 847 1158 918 adferuntur,

48 929 239 997 wiell-311·
263 964 332 1001 cum
353 952 385 1001 et
404 943 501 1001 multo
520 951 555 1001 tu
575 943 691 1001 facilius
712 948 853 1016 reperias,
874 947 925 1014 qui
947 945 1072 1001 Romam
1091 963 1160 1015 pro·
1242 985 1244 989 <

52 1011 115 1068 687

263 1038 442 1109 ficiscantur,
457 1059 548 1110 quam
563 1059 630 1110 ego,
645 1043 698 1110 qui
713 1039 860 1110 Athenas,
876 1047 909 1097 et
923 1044 1035 1099 certius
1049 1040 1106 1097 tibi
1120 1044 1160 1096 sit
1203 1068 1207 1075 ·

263 1155 312 1192 me
324 1155 389 1193 esse
403 1136 514 1192 Romae
526 1155 617 1206 quam
627 1135 702 1192 mihi
713 1143 745 1192 te
756 1134 895 1193 Athenis.
913 1135 1020 1206 ltaque
1035 1142 1159 1207 propter

263 1230 341 1288 hanc
356 1231 578 1289 dubitationem
595 1251 694 1289 meam
714 1231 833 1288 brevior
851 1231 927 1288 haec
947 1235 1011 1302 ipsa
1031 1228 1160 1302 epistula

263 1334 319 1397 est,
341 1326 432 1398 quod,
455 1346 523 1384 cum
545 1331 678 1384 incertus
700 1346 807 1396 essem,
830 1326 882 1384 ubi
907 1345 997 1396 esses,
1018 1326 1159 1383 nolebam

262 1422 349 1479 illum
362 1430 499 1479 nostrum
513 1422 692 1479 familiarem
702 1441 873 1479 sermonem
884 1426 916 1478 in
926 1420 1040 1478 alienas
1054 1441 1160 1479 manus

262 1517 414 1575 devenire.

304 1613 397 1682 Signa
427 1613 580 1683 Megarica
609 1621 642 1670 et
671 1614 812 1683 Hermas,
841 1612 880 1670 de
906 1613 1014 1682 quibus
1042 1613 1081 1670 ad
1109 1633 1159 1670 me

263 1712 416 1779 scripsisti,
441 1708 641 1766 vehementer
666 1714 817 1779 exspecto.
845 1705 998 1778 Quicquid
1023 1708 1159 1766 eiusdem

262 1808 383 1873 generis
405 1803 541 1874 habebis,
565 1803 693 1874 dignum
713 1803 878 1860 Academia
900 1804 957 1860 tibi
980 1804 1061 1874 quod
1075 1804 1162 1861 vide-

263 1900 353 1969 bitur,
369 1919 408 1956 ne
423 1898 570 1956 dubitaris
583 1903 707 1956 mittere
723 1906 755 1955 et
769 1908 856 1956 arcae
870 1907 991 1956 nostrae
1006 1899 1157 1957 confidito,

264 1993 368 2051 Genus
392 1994 450 2050 hoc
476 2002 523 2052 est
548 1994 711 2066 voluptatis
739 2013 841 2063 meae3
869 2013 946 2064 quae
976 1994 1159 2066 γυμνασιώδη
1237 2033 1247 2046 ‹

262 2093 392 2146 maxime
413 2097 493 2159 sunt,
510 2109 545 2147 ea
564 2109 683 2160 quaero.
706 2088 855 2147 Lentulus
874 2110 966 2148 naves
986 2110 1053 2150 suas
1071 2090 1158 2162 polli-

263 2192 356 2242 cetur.
375 2184 450 2242 Peto
464 2186 516 2242 abs
531 2193 574 2255 te,
586 2192 621 2243 ut
635 2185 710 2242 haec
726 2185 891 2255 diligenter
905 2205 999 2244 cures.
1021 2185 1158 2257 Thyillus

262 2287 294 2338 te
309 2289 396 2352 rogat
411 2289 443 2339 et
458 2300 515 2351 ego
530 2285 594 2339 eius
608 2288 716 2351 rogatu
731 2279 921 2350 Εὐμολπιδῶν
934 2281 1048 2353 πάτρια.

692 2531 722 2588 X

559 2646 663 2684 CICERO
678 2645 783 2684 ATTICO
797 2647 855 2684 SAL.

49 2726 107 2783 Scr.
121 2727 149 2784 iu
167 2727 225 2785 Tu·
303 2723 379 2781 Cum
403 2742 500 2806 essem
525 2727 557 2780 in
580 2722 750 2781 Tusculano
772 2710 846 2792 (erit
867 2723 925 2781 hoc
947 2724 1004 2781 tibi
1026 2743 1081 2796 pro
1104 2724 1156 2781 illo

49 2811 161 2906 seudum
173 2819 237 2869 anie
261 2826 330 2876 tuo:
346 2805 449 2876 “Cum
464 2839 560 2876 essem
580 2823 612 2876 in
633 2808 826 2889 Ceramico'')
840 2839 946 2876 verum
962 2827 1066 2877 tamen
1086 2840 1156 2877 cum

50 2892 164 2959 Qumlil·
181 2916 207 2954 a·
260 2915 300 2972 ibi
317 2935 424 2985 essem,
442 2915 535 2972 Roma
555 2935 630 2986 puer
649 2936 667 2971 a
687 2935 786 2973 sorore
806 2923 859 2972 tua
873 2920 979 2972 missus
994 2916 1156 2986 epistulam

48 2979 111 3036 687

259 3011 334 3067 mihi
355 3010 408 3068 abs
427 3018 459 3068 te
474 3011 606 3068 adlatam
626 3010 713 3068 dedit
732 3015 944 3081 nuntiavitque
964 3031 1001 3069 eo
1020 3015 1085 3083 ipso
1104 3011 1154 3069 die

258 3114 328 3177 post
342 3106 501 3163 meridiem
516 3111 629 3164 iturum
644 3125 723 3175 eum,
739 3110 791 3176 qui
805 3105 844 3163 ad
858 3114 891 3163 te
906 3106 1153 3178 proficisceretur.

258 3202 304 3259 Eo
318 3201 432 3259 factum
448 3209 504 3273 est,
520 3209 554 3258 ut
569 3200 716 3273 epistulae
734 3208 805 3258 tuae
819 3202 1016 3259 rescriberem
1030 3201 1165 3275 aliquid„
1246 3266 1247 3269 Ἰ

258 3298 409 3356 brevitate
424 3278 646 3368 temporistam
660 3315 756 3367 pauca
769 3315 894 3368 cogerer
909 3297 1046 3354 scribere.

340 3400 380 3453 22
922 3394 925 3401 ’
