2512 3958
433 368 604 428 MARCUS
623 367 808 429 vTULLIUS
829 369 980 429 CICERO

257 499 408 565 putemus.
449 493 544 564 Spero
558 491 614 549 tibi
628 509 678 549 me
689 510 809 549 causam
822 489 974 561 probasse,
986 492 1074 559 cupio
1088 490 1155 558 qui-

258 589 330 647 dem
344 596 435 646 certe.

301 683 513 742 Hermathena
533 689 587 740 tua
603 680 691 740 valde
711 701 762 740 me
783 680 919 739 delectat
940 688 972 739 et
993 682 1091 753 posita
1112 683 1156 736 ita

258 780 339 838 belle
361 786 418 851 est,
439 786 475 837 ut
495 785 595 836 totum
616 781 807 849 gymnasium
829 781 893 834 eius
915 764 1067 847 ἀνάθημα1
1089 795 1156 833 esse

258 874 404 933 videatur.
449 874 584 933 Multum
597 887 630 931 te
644 893 786 932 amamus.

692 1040 723 1097 II

559 1156 663 1194 cronno
677 1154 784 1193 arrico
798 1155 855 1193 sar.

46 1244 105 1303 Ser,
122 1245 229 1303 Romae
270 1268 273 1272 -
304 1226 337 1284 L.
352 1226 429 1285 lulio
441 1227 577 1296 Caesare,
590 1227 621 1283 C.
636 1226 750 1283 Marcio
762 1224 869 1295 Figulo
880 1224 1051 1282 consulibus
1065 1224 1159 1283 filiolo

46 1328 132 1400 paul)
142 1335 208 1400 post
261 1343 311 1381 me
325 1331 449 1381 auctum
459 1327 535 1380 scito
550 1322 630 1378 salva
641 1320 792 1378 Terentia.
816 1320 880 1378 Abs
891 1328 924 1378 te
936 1327 999 1378 tam
1013 1319 1065 1378 diu
1080 1320 1157 1377 nihil

49 1432 91 1483 ep-
105 1413 122 1470 Ι
136 1433 162 1469 a·
176 1411 237 1469 689
260 1419 446 1477 litterarum!
489 1416 556 1487 Ego
579 1415 618 1473 de
640 1420 716 1474 meis
741 1416 781 1474 ad
805 1424 838 1473 te
863 1416 1028 1474 rationibus
1052 1419 1159 1487 scripsi

260 1504 352 1572 antea
365 1512 538 1583 diligenter,
561 1480 653 1587 (Hoc
672 1517 810 1583 tempore
825 1511 996 1581 Catilinam,
1011 1515 1158 1583 competi-
1235 1488 1237 1505 ι

260 1618 359 1668 torem
383 1615 530 1679 nostrum,
552 1607 719 1666 defendere
741 1612 915 1679 cogitamus.
961 1606 1080 1665 ludices
1104 1606 1159 1664 ha-

261 1706 377 1776 bemus,
396 1724 471 1775 quos
492 1704 639 1775 volumus,
659 1723 775 1761 summa
796 1706 975 1761 accusatoris
990 1703 1156 1760 voluntate.

261 1801 366 1873 Spero,
388 1804 413 1858 si
437 1799 591 1858 absolutus
615 1803 682 1870 erit,
705 1802 943 1857 coniunctiorem
964 1798 1050 1855 illurn
1071 1799 1159 1856 nobis

261 1895 325 1954 fore
348 1885 519 1953 iuratione
548 1899 719 1967 petitionis;
745 1898 792 1953 sin
814 1895 903 1952 aliter
924 1894 1078 1965 acciderit,
1101 1894 1158 1952 hu·

260 1996 392 2050 maniter
406 1991 558 2079 feremus-‚s
1236 1976 1237 1981 ἵ

303 2086 369 2144 Tuo
383 2087 517 2145 adventu
531 2088 617 2145 nobis
631 2106 707 2158 opus
726 2092 774 2144 est
790 2093 924 2154 maturo;
945 2104 1017 2143 nam
1037 2105 1158 2157 prorsus

232 2224 239 2237 .
261 2203 377 2241 summa
399 2182 555 2240 hominurn
580 2188 627 2241 est
646 2185 747 2254 opinio
768 2189 837 2239 tuos
858 2180 1019 2239 familiares
1042 2181 1159 2240 nobiles

261 2278 399 2336 homines
418 2278 601 2336 adversarios
620 2277 727 2335 honori
746 2285 850 2335 nostro
869 2276 941 2334 fore.
986 2268 1036 2335 A'd
1054 2296 1159 2335 eorum

261 2374 450 2432 voluntatem
466 2373 542 2431 mihi
559 2373 778 2431 conciliandam
795 2376 925 2430 maximo
945 2380 977 2430 te
997 2372 1071 2430 mihi
1091 2376 1158 2430 usui

260 2470 325 2528 fore
351 2470 447 2528 video.
485 2469 587 2541 Quare
610 2468 749 2527 Ianuario
770 2488 885 2539 mense,
907 2476 942 2527 ut
963 2472 1157 2539 constituisti,

260 2585 332 2624 cura
342 2572 378 2623 ut
394 2565 506 2623 Romae
517 2569 565 2623 sis.

685 2729 733 2787 111

562 2850 666 2888 clerano
681 2848 787 2888 amco
801 2849 859 2887 san

47 2927 106 2986 Sor.
119 2928 227 2987 Romae
301 2929 409 2987 Aviam
438 2934 523 2986 tuam
551 2931 626 2984 scito
651 2925 802 2985 desiderio
832 2929 878 2983 tui
905 2933 1056 2984 mortuam
1082 2945 1158 2999 esse,

47 3032 87 3070 θῶ·
104 3034 130 3070 α·
147 3013 210 3071 637
260 3033 293 3084 et
315 3025 404 3083 simul
427 3024 508 3095 quod
527 3027 624 3080 verita
644 3026 692 3092 sit,
712 3041 752 3079 ne
776 3021 904 3080 Latinae
927 3027 959 3080 in
982 3023 1077 3081 officio
1096 3043 1156 3082 non

258 3128 420 3180 manerent
439 3127 472 3178 ct
493 3124 526 3177 in
548 3126 686 3193 montem
709 3118 862 3177 Albanum
885 3118 998 3177 hostias
1020 3139 1083 3176 non
1104 3120 1157 3178 ad-

301 3221 379 3280 ¹elus
387 3222 501 3281 ἀνάθημα
512 3220 616 3271 Schola:
635 3219 690 3269 elut
701 3223 800 3283 αναθμα
814 3223 855 3270 M:
872 3221 925 3270 eliu
937 3221 1075 3270 onaohma
1089 3220 1118 3272 C.

345 3324 363 3376 8
