2480 3862
436 324 605 384 Marcus
627 323 809 385 Turnus
831 312 993 385 emmo·
1219 286 1221 357 l

260 444 364 502 cidant
384 449 538 517 mysteria,
561 449 732 517 certiorem,
754 454 787 504 et
808 466 868 516 quo
889 446 980 504 modo
1006 446 1155 505 hiemaris.

260 553 347 624 Cura,
359 561 395 612 ut
405 553 512 612 valeas.
549 554 621 612 Post
631 528 823 613 leuctricam
834 575 969 627 pugnam
979 554 1031 613 die
1043 561 1157 629 septin·
1222 564 1223 639 l

258 666 430 732 gentesimo
445 667 633 734 sexagesimo
648 667 763 734 quinto.
1222 686 1224 801 1

692 861 723 918 ΙΙ
1223 804 1225 879 l

558 975 662 1013 CICERO
677 975 783 1014 amco
797 975 854 1014 SAL.

48 1062 106 1120 Sor.
123 1063 230 1122 Laodi·
300 1064 376 1122 Cum
393 1062 584 1136 Philogenes,
603 1064 731 1123 libertus
751 1072 831 1135 tuus,
851 1064 1032 1124 Laodiceam
1050 1066 1090 1126 ad
1108 1088 1158 1126 me
1224 1020 1227 1165 1

51 1167 116 1242 0θαῖ
129 1147 166 1205 5⁷2·
189 1169 224 1205 m·
259 1172 410 1231 salutandi
424 1193 513 1231 causa
527 1177 661 1231 venisset
675 1181 708 1232 et
722 1193 755 1232 se
769 1177 873 1232 statim
890 1173 930 1232 ad
947 1182 980 1232 te
997 1179 1158 1247 navigatu-
1227 1176 1228 1187 ¹

47 1229 120 1288 Μαι
137 1251 163 1288 α’
185 1232 246 1302 704
258 1300 326 1339 rum
343 1301 408 1340 esse
427 1281 553 1352 diceret,
571 1281 625 1339 has
643 1287 671 1340 ei
689 1283 807 1341 litteras
821 1282 904 1353 dedi,
919 1284 1029 1354 quibus
1048 1284 1089 1342 ad
1108 1304 1158 1342 eas

259 1395 406 1462 rescripsi,
421 1410 494 1462 quas
509 1410 685 1462 acceperam
700 1412 718 1448 a
733 1391 820 1449 Bruti
834 1390 1001 1449 tabellario.
1046 1391 1089 1450 Et
1111 1413 1157 1450 re-

258 1499 414 1570 spondebo
428 1503 558 1570 primum
573 1507 743 1571 postremae
758 1507 829 1558 tuae
841 1503 980 1571 paginae,
992 1519 1070 1571 quae
1082 1500 1158 1558 mihi

258 1627 386 1678 magnae
401 1607 558 1666 molestiae
573 1608 642 1680 fuit,
654 1607 735 1679 quod
746 1607 785 1665 ad
796 1616 829 1666 te
840 1612 986 1679 scriptum
997 1615 1045 1665 est
1056 1628 1075 1664 a
1087 1609 1157 1666 Cin-

259 1719 305 1772 cio
319 1715 358 1773 de
373 1715 452 1775 Stati
467 1736 622 1786 sermone3
639 1721 671 1773 in
686 1736 745 1787 quo
760 1715 817 1774 hoc
834 1715 1080 1773 molestissimum
1099 1724 1157 1788 est,

259 1822 389 1882 Statium
411 1824 513 1882 dicere
536 1845 554 1881 a
575 1844 625 1882 me
647 1843 766 1896 quoque
788 1823 820 1881 id
842 1823 1000 1882 consilium
1023 1825 1154 1895 probari.

260 1931 380 1987 Probari
401 1933 521 1989 autem?
565 1932 614 1990 De
635 1937 694 1990 isto
715 1932 863 1990 hactenus
884 1932 1021 2004 dixerim,
1036 1952 1088 1991 me
1106 1933 1156 1992 vel
1233 1908 1234 1919 ἶ

257 2037 386 2109 plurima
400 2039 498 2096 vincla
512 2048 615 2098 tecum
638 2060 773 2098 summae
796 2044 1015 2098 coniunctionis
1036 2048 1155 2113 optare,

259 2152 316 2206 etsi
330 2155 402 2206 sunt
415 2153 523 2206 amoris
538 2153 704 2218 artissima;
725 2156 845 2207 tantum
867 2150 963 2219 abest,
978 2157 1013 2206 ut
1035 2168 1094 2221 ego
1116 2170 1155 2209 ex

259 2276 305 2328 eo,
319 2277 379 2329 quo
400 2261 515 2315 astricti
537 2277 649 2328 sumus,
664 2257 758 2315 laxari
780 2257 895 2329 aliquid
916 2256 1014 2315 velim.
1061 2257 1154 2317 Illum

257 2373 361 2423 autem
371 2365 468 2423 multa
478 2365 517 2424 de
528 2370 593 2423 istis
604 2366 694 2424 rebus
705 2370 839 2437 asperius
853 2366 950 2424 solere
964 2365 1047 2436 loqui
1062 2385 1154 2439 saepe

257 2487 324 2525 sum
338 2475 491 2538 expertus,
503 2486 593 2539 saepe
605 2472 698 2525 etiam
712 2467 805 2525 lenivi
820 2471 938 2526 iratum.
983 2465 1020 2524 Id
1032 2471 1109 2526 scire
1121 2476 1154 2526 te

256 2570 391 2628 arbitror.
417 2568 455 2625 ln
464 2568 520 2626 hac
529 2577 633 2628 autem
641 2573 886 2642 peregrinatione
896 2568 1040 2628 militiave
1050 2578 1155 2628 nostra

257 2690 346 2742 saepe
358 2675 515 2729 incensum
524 2675 568 2728 ira
576 2671 648 2743 vidi,
657 2691 747 2744 saepe
756 2671 917 2743 placatum.
944 2668 1155 2741 QuidadSta·

256 2777 334 2830 tium
348 2777 510 2844 scripserit,
524 2777 634 2831 nescio.
680 2772 833 2845 Quicquid
846 2780 967 2830 acturus
981 2771 1021 2829 de
1043 2771 1099 2829 tali
1120 2792 1155 2831 re

256 2873 324 2944 fuit,
340 2875 533 2933 scribendum
554 2882 659 2932 tamen
674 2875 713 2931 ad
726 2873 871 2932 libertum
885 2892 946 2931 non
961 2871 1027 2930 fuit.
1074 2873 1155 2930 Mihi

256 2983 359 3033 autem
380 2981 437 3034 erit
455 2995 614 3034 maxumae
629 2995 728 3046 curae,
742 2995 781 3033 ne
796 2975 870 3047 quid
884 2973 936 3032 fiat
950 2992 1046 3044 secus,
1061 2992 1156 3045 quam

256 3077 403 3149 volumus,
412 3096 562 3150 quamque
572 3083 702 3148 oportet.
741 3075 806 3135 Nec
816 3082 887 3135 satis
897 3078 1058 3135 estineiua
1069 3075 1156 3135 modi

256 3198 288 3237 re
303 3198 335 3237 se
350 3198 501 3250 quemque
518 3185 683 3249 praestare,
706 3197 741 3235 ac
761 3196 918 3255 maxumae
940 3183 1041 3248 partes
1064 3181 1155 3237 iatius

339 3281 399 3332 442
