2498 3850
442 309 613 368 MARCUS
634 308 816 369 TULLIUS
838 309 988 370 CICERO

668 520 760 578 XXII

558 635 661 673 CICERO
683 634 789 674 mico
811 636 869 674 SAL.

55 711 113 769 Ser.
125 711 232 784 partim
310 712 377 770 Etsi
391 689 556 783 diligenter
569 712 608 770 ad
622 733 672 770 me
687 712 821 785 Quintus
835 713 929 772 frater
941 722 973 772 et
994 714 1072 786 Piso,
1087 735 1165 786 quae

59 794 178 853 Thessa·

57 878 171 949 lonicae,
184 899 254 949 par-

56 963 103 1019 tim
114 961 245 1033 Dyrraci

61 1046 88 1103 V
86 1045 107 1102 I
111 1045 149 1103 K.
161 1045 230 1103 Dec.

55 1150 81 1187 α.
99 1130 160 1187 696

269 816 371 866 essent
407 816 485 879 acta,
521 813 712 879 scripserant,
749 817 854 867 tamen
897 809 1007 868 vellem
1043 818 1097 869 tua
1132 820 1165 870 te

268 909 425 975 occupatio
436 924 498 961 non
512 904 699 975 impedisset,
710 925 770 976 quo
784 909 893 976 minus,
904 914 940 964 ut
955 911 1117 978 consuesti,
1126 907 1165 965 ad

246 983 255 1018 ⁸
269 1021 328 1071 me,
344 1001 417 1072 quid
431 1009 583 1072 ageretur,
598 1008 631 1059 et
645 1001 719 1072 quid
733 1001 938 1074 intellegeres,
953 1005 1162 1074 perscriberes.

271 1097 324 1154 Me
341 1097 440 1154 adhuc
465 1097 603 1155 Plancius
617 1097 800 1155 liberalitate
823 1118 877 1155 sua
895 1103 1010 1157 retinet
1032 1104 1092 1157 iam
1111 1100 1166 1157 ali·
1243 1134 1244 1149 .

269 1198 410 1264 quotiens
434 1201 576 1251 conatum
598 1198 642 1251 ire
665 1198 698 1250 in
708 1194 840 1265 Epirum.
886 1195 962 1265 Spes
984 1195 1100 1253 homini
1118 1204 1166 1254 est

268 1294 381 1347 iniecta
391 1310 453 1346 non
465 1290 572 1347 eadem
584 1309 661 1361 quae
671 1289 756 1361 mihi,
766 1310 853 1361 posse
864 1310 920 1349 nos
931 1312 992 1348 una
1000 1291 1165 1361 decedere;
1243 1348 1244 1355 ,

268 1406 359 1456 quam
373 1387 438 1442 rem
452 1387 509 1443 sibi
523 1406 634 1457 magno
648 1386 756 1443 honori
773 1394 875 1457 sperat
896 1386 968 1445 fore.
1014 1387 1076 1447 Sed
1095 1392 1166 1459 iam,

269 1501 338 1539 cum
352 1481 517 1539 adventare
528 1482 640 1540 milites
651 1482 802 1554 dicentur,
814 1482 987 1541 faciendum
998 1485 1085 1541 nobis
1097 1488 1165 1554 erit,
1243 1508 1244 1517 ¹

269 1586 305 1634 ut
327 1578 365 1635 ab
389 1597 425 1634 eo
450 1576 647 1636 discedamus.
693 1577 784 1650 Quod
806 1599 876 1636 cum
896 1578 1051 1650 faciemus,
1070 1579 1109 1637 ad
1132 1588 1166 1638 te

270 1678 373 1731 statim
388 1678 554 1744 mittemus,
569 1681 605 1731 ut
619 1679 704 1746 scias,
723 1676 776 1733 ubi
795 1679 894 1734 simus
941 1675 1090 1734 Lentulus
1112 1696 1167 1735 suo
1243 1732 1244 1735 ,

270 1767 302 1820 in
327 1783 381 1820 nos
406 1764 511 1833 officio,
537 1763 619 1834 quod
642 1771 675 1821 et
697 1783 730 1822 re
751 1772 787 1822 et
815 1768 967 1835 promissis
993 1773 1026 1823 et
1054 1764 1167 1822 litteris

270 1852 414 1922 declarat,
444 1872 529 1923 spem
557 1853 644 1910 nobis
672 1873 735 1909 non
762 1853 877 1910 nullam
905 1853 1007 1912 adfert
1041 1853 1167 1925 Pompei

270 1940 434 1998 voluntatis
445 1960 453 2010 ;
467 1961 557 2012 saepe
570 1945 651 1999 enirn
663 1950 696 1999 tu
712 1942 751 1999 ad
764 1962 814 1999 me
826 1946 970 2013 scripsisti
981 1963 1051 2000 eum
1065 1950 1168 2001 totum

271 2049 336 2088 esse
351 2035 383 2086 in
397 2029 477 2087 illius
491 2037 652 2101 potestate.
696 2030 746 2088 De
767 2031 896 2089 Metello
916 2036 1035 2103 scripsit
1055 2031 1094 2089 ad
1116 2052 1167 2090 me

270 2119 365 2177 frater
378 2127 526 2190 quantum
541 2127 676 2190 speraret
695 2119 866 2191 profectum
881 2140 946 2179 esse
965 2141 1020 2192 per
1033 2128 1073 2178 te.
1121 2121 1167 2178 Mi

272 2209 428 2279 Pomponi,
443 2228 555 2279 pugna,
570 2215 606 2265 ut
624 2216 728 2266 tecum
748 2217 780 2267 et
799 2229 868 2267 cum
888 2214 964 2268 meis
983 2209 1057 2266 mihi
1074 2208 1168 2267 liceat

271 2303 382 2369 vivere,
411 2305 444 2355 et
472 2298 568 2354 scribe
604 2297 643 2355 ad
671 2318 721 2355 me
757 2303 865 2355 omnia.
920 2299 1042 2356 Premor
1069 2298 1167 2371 luctu,

272 2386 422 2444 desiderio
436 2406 506 2443 cum
520 2390 654 2444 omnium
668 2407 769 2444 rerum
783 2395 850 2445 tum
864 2407 1009 2458 meorum,
1024 2391 1077 2458 qui
1090 2386 1167 2445 mihi

272 2495 322 2532 me
337 2479 464 2532 cariores
479 2494 599 2546 semper
612 2475 744 2534 fuerunt.
791 2477 878 2547 Cura,
892 2484 928 2534 ut
942 2476 1048 2534 valeas.

315 2564 381 2634 Ego
395 2563 487 2635 quod,
501 2584 556 2635 per
570 2563 756 2622 Thessaliam
771 2570 795 2623 si
809 2570 884 2622 irem
899 2569 931 2622 in
949 2566 1084 2637 Epirum,
1099 2584 1168 2636 per-

274 2654 325 2712 diu
340 2653 417 2710 nihil
431 2674 513 2711 eram
524 2653 691 2725 auditurus
703 2662 736 2712 et
746 2654 828 2726 quod
838 2658 899 2711 mei
910 2655 1058 2712 studiosos
1069 2653 1169 2713 habeo
1243 2728 1244 2735 ἵ

275 2741 489 2813 Dyrrachinos
522 2743 562 2800 ad
595 2762 646 2800 eos
679 2747 809 2814 perrexi,
837 2763 907 2800 cum
935 2743 987 2800 illa
1014 2747 1170 2814 superiora

274 2830 505 2889 Thessalonicae
520 2836 710 2902 scripsissem.
756 2831 834 2889 Inde
848 2852 918 2890 cum
932 2831 971 2889 ad
984 2839 1017 2890 te
1032 2852 1082 2889 me
1097 2852 1169 2891 con-

275 2928 400 2991 vertam,
420 2919 538 2991 faciam,
558 2928 593 2978 ut
612 2925 697 2994 scias,
716 2929 811 2992 tuque
830 2920 869 2978 ad
889 2941 937 2979 me
957 2920 1049 2978 velim
1068 2926 1171 2979 omnia

274 3030 365 3082 quam
379 3009 621 3080 diligentissime,
638 3010 819 3068 cuicuimodi
838 3017 919 3082 sunt,
938 3011 1056 3069 scribas.
1102 3010 1170 3082 Ego

273 3104 334 3157 iam
347 3107 401 3157 aut
415 3118 480 3157 rem
494 3106 548 3156 aut
561 3118 601 3157 ne
616 3118 702 3169 spem
716 3098 840 3170 quidem
855 3107 1006 3170 exspecto.

315 3188 396 3246 Data
410 3206 439 3244 vr
457 3187 521 3244 Kal.
540 3186 700 3245 Decembr.
718 3177 874 3258 Dyrrachi.

356 3279 416 3329 244
