2498 3850
444 282 615 342 MARCUS
637 281 820 341 TULLIUS
841 280 992 340 CICERO

311 390 613 464 Diodotusmortuus
628 406 694 472 est,
715 402 840 473 reliquit
859 402 946 459 nobis
966 400 1022 459 HS
1041 399 1174 457 sortasse

270 530 417 585 centiens.
456 525 584 584 Comitia
608 522 734 581 Bibulus
757 542 827 580 cum
851 520 1045 581 Archilochio
1068 489 1176 578 edicto

266 650 304 704 ‚in
326 653 399 703 ante
422 644 505 703 diem
528 663 566 702 xv
591 644 657 702 Kal.
684 644 846 702 Novembr.
870 641 997 701 distulit
1035 641 1065 699 A
1082 640 1176 700 Vibio

271 765 363 824 libros
377 769 489 837 accepi.
535 764 629 822 Poeta
643 768 766 835 ineptus
781 770 932 821 ettamen
946 765 1004 821 scit
1017 760 1106 832 nihil,
1118 760 1176 818 sed

273 893 321 944 est
334 905 397 943 non
410 884 534 943 inutilis.
579 885 726 943 Describo
741 891 774 941 et
788 887 919 942 remitto.

689 1421 764 1479 XXI

578 1561 682 1600 menno
697 1561 802 1600 A'l'i'lco
817 1560 875 1598 SAL.

65 1670 124 1728 Ser.
135 1669 256 1811 W
321 1666 369 1724 De
384 1684 417 1723 re
432 1663 553 1737 publiea
564 1663 638 1734 quid
653 1683 710 1736 ego
725 1663 782 1720 tibi
797 1661 971 1720 subtiliter?
993 1661 1070 1719 Tota
1086 1665 1181 1732 periit

62 1761 127 1825 pon
256 1793 263 1806 .

67 1837 265 1979 {eletfflnzw
279 1907 440 1965 videbatur
455 1904 617 1963 eiusmodi
632 1903 799 1961 dominatio
814 1906 969 1960 civitatem
984 1906 1181 1974 oppressisse,

279 1796 371 1859 atque
394 1785 452 1843 hoc
476 1792 524 1843 est
546 1788 692 1854 miserior,
715 1802 806 1854 quam
828 1782 987 1853 reliquisti,
1007 1780 1088 1853 quod
1111 1789 1182 1839 tum

69 2025 95 2062 a·
109 2003 172 2062 ⁶95
281 2047 358 2100 quae
373 2025 505 2085 iucunda
519 2032 602 2083 esset
620 2023 822 2094 multitudini,
837 2023 925 2081 bonis
938 2030 1043 2080 autem
1057 2026 1102 2080 ita
1115 2008 1182 2091 mc·

280 2149 368 2220 leste,
383 2156 419 2206 ut
435 2155 540 2205 tamen
560 2150 625 2204 sine
645 2148 790 2217 pernicie,
804 2163 886 2201 nunc
900 2151 1028 2215 repente
1042 2151 1132 2202 tanto
1146 2149 1183 2202 in

282 2270 352 2329 odio
363 2275 410 2329 est
421 2268 570 2336 omnibus,
581 2274 627 2337 ut,
638 2285 764 2337 quorsus
776 2272 920 2336 eruptura
934 2269 984 2335 sit,
995 2264 1179 2324 horreamus.

283 2391 363 2449 Nam
374 2387 559 2445 iracundiam
568 2394 661 2458 atque
671 2389 939 2457 intemperantiam
949 2385 1070 2443 illorum
1079 2405 1182 2444 sumus

284 2512 413 2581 experti,
427 2511 479 2578 qui
501 2506 609 2564 Catoni
628 2509 698 2563 irati
717 2509 818 2563 omnia
837 2504 1048 2576 perdiderunt,
1062 2505 1117 2564 sed
1138 2510 1182 2564 ita
1237 2534 1238 2553 r

284 2628 404 2687 lenibus
426 2631 471 2685 uti
493 2626 675 2684 videbantur
689 2629 825 2696 venenis,
844 2633 880 2683 ut
900 2645 988 2697 posse
1009 2625 1183 2684 videremur
1237 2594 1238 2597 Ἴ

286 2755 351 2809 sine
362 2747 465 2806 dolore
480 2751 606 2805 interire
617 2764 625 2815 ;
646 2766 728 2803 nunc
740 2764 811 2802 vero
826 2746 920 2804 sibilis
934 2746 1025 2817 volgi,
1037 2751 1181 2805 sermoni·

286 2871 342 2937 bus
355 2869 563 2938 honestorum,
574 2866 698 2924 fremitu
711 2865 817 2924 Italiae
829 2885 935 2925 vereor
949 2886 989 2925 ne
1005 2872 1180 2926 exarserint

287 2989 438 3074 Equidem
449 2988 616 3060 sperabam,
627 2993 663 3044 ut
678 3005 768 3058 saepe
784 2990 877 3044 etiam
890 2987 974 3058 loqui
988 2994 1092 3045 tecum
1106 2978 1183 3069 sole-

280 3098 367 3182 bam,
382 3096 424 3168 sic
444 3109 549 3167 orbem
568 3111 613 3165 rei
635 3106 773 3179 publicae
793 3127 860 3165 esse
879 3122 1067 3179 conversum,
1082 3117 1118 3166 ut
1135 3114 1184 3168 vix

369 3221 432 3280 2174
