2494 3854
450 333 620 403 MARCUS
641 335 823 404 TULLIUS
845 337 995 402 CICERO
1088 332 1096 345 '

275 487 366 538 saepe
394 467 466 526 dare
501 467 666 525 tabellariis
701 465 931 537 publicanorum
966 467 1080 535 poteris
1116 477 1171 534 per

275 567 434 634 magistros
448 567 614 634 scripturae
629 569 662 620 et
676 569 780 633 portus
791 568 963 619 nostrarum
974 560 1168 618 dioecesium.

685 828 758 886 XVI

572 943 869 990 c1cuuoarr1cosuu.
964 974 967 979 .

64 1037 122 1095 Ser.
138 1037 168 1095 in
317 1034 385 1092 Etsi
398 1037 430 1091 in
444 1036 510 1105 ipso
524 1036 634 1090 itinere
652 1041 685 1090 et
706 1036 754 1089 via
774 1031 973 1090 discedebant
994 1031 1171 1102 publicano·
1243 1078 1244 1087 ,

62 1120 192 1262 ‘'gna“
213 1205 252 1262 ad
275 1160 343 1199 rum
356 1142 516 1212 tabellarii,
532 1148 564 1198 et
579 1160 697 1198 eramus
712 1144 745 1197 in
764 1160 862 1211 cursu,
883 1147 987 1197 tamen
1007 1143 1172 1210 surripien-
1243 1160 1244 1187 r

83 1225 120 1276 pa
178 1224 197 1262 a

19 1336 22 1344 ⁴
43 1287 257 1346 ‘Philomelium
275 1250 349 1308 dum
362 1249 476 1321 aliquid
491 1252 595 1320 putavi
615 1252 714 1320 spatii,
734 1268 774 1305 ne
792 1268 841 1306 me
859 1252 1069 1306 immemorem
1086 1268 1173 1305 man-
1222 1304 1226 1319 ,

63 1371 134 1428 inter
147 1391 173 1428 a,
190 1371 216 1428 d,
275 1358 340 1416 dati
362 1362 407 1416 tui
428 1365 558 1429 putares.
604 1356 713 1427 Itaque
735 1356 857 1414 subsedi
878 1361 911 1413 in
926 1360 997 1427 ¹ipsa
1018 1360 1075 1427 via,
1097 1356 1174 1414 dum

63 1454 94 1594 ζ
85 1461 133 1595 aeti
146 1453 211 1596 1117
211 1454 259 1595 g}
275 1465 361 1537 haec,
390 1485 467 1536 quae
495 1465 664 1536 longiorem
692 1464 868 1522 desiderant
889 1468 1068 1536 orationem,
1091 1484 1173 1522 sum-

130 1557 175 1595 ‚a

275 1577 382 1630 matim
396 1574 452 1631 tibi
467 1573 694 1644 perscriberem.
739 1572 873 1630 Maxima
891 1576 1120 1644 exspectatione
1141 1577 1175 1631 in

275 1681 426 1754 perditam
440 1687 474 1738 et
487 1680 578 1753 plane
593 1700 728 1738 eversam
742 1684 774 1737 in
789 1687 972 1752 perpetuum
986 1684 1176 1751 provinciam

275 1808 330 1847 nos
339 1792 459 1847 venisse
466 1793 542 1846 scito
550 1787 648 1859 pridie
659 1787 725 1845 Kal.
740 1788 880 1859 Sextiles,
892 1794 1023 1845 moratos
1034 1788 1175 1847 triduum

276 1894 454 1966 Laodiceae,
469 1895 604 1953 triduum
619 1896 783 1967 Apameae,
795 1896 926 1954 totidem
938 1896 1003 1954 dies
1015 1895 1172 1967 Synnade.
1243 1890 1244 1893 ¹

276 2002 455 2063 Audivimus
490 2004 567 2061 nihil
603 2004 686 2063 aliud
720 2009 779 2063 uisi
814 2009 962 2075 imperata
998 2001 1177 2075 ἔπικεφάλια
1243 2010 1244 2021 ’

276 2112 392 2171 solvere
406 2132 468 2169 non
482 2132 580 2184 posse,
596 2111 666 2174 ὠνὰς
687 2117 823 2170 omnium
845 2112 992 2183 venditas,
1014 2116 1177 2173 civitatum

275 2225 418 2293 gemitus,
443 2221 588 2292 ploratus,
613 2226 747 2277 monstra
770 2220 919 2291 quaedam
944 2240 1006 2277 non
1030 2220 1177 2295 hominis,
1243 2300 1244 2303 Ἴ

276 2329 331 2387 sed
359 2328 441 2386 ferae
469 2332 572 2386 nescio
600 2333 684 2386 cuius
713 2332 859 2386 immanis.
914 2327 998 2400 Quid
1016 2332 1176 2399 ‘quaerisi
1243 2318 1244 2323 ἵ

276 2436 382 2495 taedet
396 2440 519 2493 omnino
533 2455 585 2494 eos
606 2440 694 2493 vitae.
739 2435 895 2493 Levantur
915 2444 1020 2494 tamen
1042 2441 1175 2497 miserae

277 2548 425 2615 civitates,
447 2544 528 2615 quod
549 2544 650 2601 nullus
672 2543 707 2602 fit
728 2551 866 2615 sumptus
888 2548 919 2601 in
941 2563 996 2602 nos
1017 2564 1121 2616 neque
1143 2550 1177 2604 in

276 2653 393 2723 legatos
415 2672 516 2724 neque
537 2655 570 2709 in
591 2659 782 2723 quaestorem
803 2672 904 2723 neque
925 2655 957 2708 in
979 2672 1173 2725 quemquam.

277 2761 360 2819 Scito
380 2780 442 2818 non
461 2759 552 2817 modo
565 2779 620 2816 nos
639 2758 774 2830 foenum,
788 2767 841 2816 aut
862 2759 944 2831 quod
966 2780 983 2818 e
1004 2759 1074 2831 lege
1097 2761 1178 2820 Iulia

276 2868 342 2926 dari
363 2866 451 2939 solet,
472 2887 534 2924 non
555 2871 702 2938 accipere,
722 2867 776 2925 sed
797 2887 838 2924 ne
860 2867 944 2938 ligna
963 2868 1099 2940 quidem,
1116 2890 1177 2930 nec

276 2983 398 3047 praeter
406 2982 550 3047 quattuor
563 2974 659 3033 lectos
670 2982 703 3034 et
713 2982 831 3061 tectum
842 2995 1025 3048 quemquam
1036 2981 1177 3050 accipere

276 3088 447 3156 quicquam,
456 3084 560 3141 multis
570 3083 643 3141 locis
654 3104 695 3141 ne
706 3090 824 3141 tectum
835 3083 969 3156 quidem,
979 3092 1012 3142 et
1026 3088 1058 3142 in
1072 3085 1177 3146 taber·

276 3191 385 3250 naculo
403 3211 527 3250 manere
546 3191 734 3263 plerumque.
779 3191 887 3263 Itaque
907 3192 1121 3253 incredibilem
1143 3200 1178 3254 in
1243 3236 1244 3245 κ

361 3284 421 3350 376
