2480 3862
440 319 612 389 MARCUS
632 316 816 379 TULLIUS
837 320 989 378 CICERO

264 446 300 497 ut
319 459 410 511 saepe
428 440 467 498 ad
486 449 519 498 tc
538 445 653 512 scripsi,
670 440 730 498 feci
749 446 858 498 omnia
903 442 1004 513 Cyprii
1023 462 1169 501 numera-

264 534 358 604 bant3
380 535 435 593 sed
459 535 598 608 Scaptius
617 540 793 594 centesimis
811 545 957 594 renovato
975 541 1009 594 in
1028 538 1168 609 singulos
1229 596 1230 599 ,

264 649 359 688 annos
372 630 496 690 faenore
510 640 673 689 contentus
687 651 749 689 non
764 631 831 689 fuit
869 633 1090 690 Ariobarranes
1104 654 1167 690 non

264 728 296 783 in
319 725 496 798 Pompeium
516 728 660 800 prolixior
680 747 736 798 per
756 732 856 798 ipsum
874 748 967 799 quam
984 748 1040 799 per
1059 748 1112 786 me
1135 733 1167 785 in

265 820 402 880 Brutum
447 821 550 895 Quem
565 831 671 880 tamen
685 843 745 894 ego
757 831 912 895 praestare
926 844 989 881 non
1005 831 1167 895 poteram3

264 924 331 975 erat
345 922 427 975 enim
441 938 495 976 rex
509 938 690 990 perpauper,
700 919 885 989 aberamque
897 919 937 976 ab
951 938 988 976 eo
1001 922 1047 975 ita
1059 919 1165 990 longe,

264 1020 300 1070 ut
324 1012 401 1070 nihil
423 1033 544 1085 possem
566 1018 624 1071 nisi
648 1013 779 1082 litteris3
808 1016 918 1085 quibus
940 1033 1078 1086 pugnare
1101 1035 1165 1073 non

264 1107 378 1166 destiti.
423 1109 547 1167 Summa
576 1108 652 1167 haec
680 1117 736 1167 est.
783 1110 841 1166 Pro
868 1114 986 1167 ratione
1014 1115 1165 1182 pecuniae

263 1202 416 1262 liberalius
426 1212 473 1262 est
484 1205 596 1262 Brutus
604 1213 752 1263 tractatus
761 1225 852 1276 quam
861 1205 1029 1276 Pompeius.
1068 1205 1165 1263 Bruto

264 1307 368 1357 curata
389 1299 446 1357 hoc
467 1320 547 1357 anno
566 1300 684 1358 talenta
703 1305 823 1358 circiter
842 1320 869 1371 c,
891 1300 1035 1372 Pompeio
1056 1305 1089 1357 in
1110 1321 1163 1358 sex

264 1395 418 1454 mensibus
428 1399 574 1467 promissa
584 1415 626 1453 co
666 1396 731 1453 lam
742 1400 775 1453 in
785 1396 867 1468 Appi
878 1400 1003 1466 negotio
1013 1404 1163 1468 quantum

263 1490 422 1548 tribuerim
445 1491 550 1562 Bruto,
572 1492 631 1550 dici
655 1496 705 1549 vix
728 1499 837 1564 potest.
882 1489 966 1562 Quid
989 1499 1037 1549 est
1059 1496 1162 1562 igitur,

263 1586 345 1657 quod
366 1586 523 1645 laborem?
565 1587 688 1645 Amicos
710 1586 804 1645 habet
824 1606 922 1644 meras
943 1606 1050 1657 nugas,
1071 1587 1163 1644 Mati-

263 1684 357 1753 nium,
373 1667 544 1753 Scaptium(
588 1682 649 1755 Qui
663 1687 734 1753 quia
750 1702 812 1740 non
830 1682 937 1739 habuit
950 1703 969 1739 a
983 1701 1033 1739 me
1047 1689 1164 1740 turmas
1187 1700 1189 1703 ·

263 1780 410 1848 equitum,
425 1779 535 1849 quibus
549 1778 682 1850 Cyprum
697 1784 833 1848 vexaret,
845 1785 880 1834 ut
890 1785 963 1835 ante
974 1797 1024 1835 me
1035 1776 1164 1849 fecerat,

263 1871 389 1930 fortasse
404 1880 569 1942 suscenset,
584 1880 637 1930 aut
652 1877 721 1945 quia
735 1872 908 1944 praefectus
927 1893 989 1929 non
1007 1880 1062 1941 est,
1078 1873 1162 1943 quod

264 1986 321 2037 ego
349 1972 464 2026 nemini
493 1970 583 2026 tribui
614 1962 807 2039 negotiatori,
833 1988 894 2041 non
927 1969 957 2027 C.
989 1967 1162 2039 Vennoni0,

263 2082 331 2121 meo
342 2062 491 2135 familiari,
503 2085 565 2122 non
576 2072 640 2135 tuo,
652 2065 695 2122 M.
709 2064 834 2135 Laenio,
846 2072 878 2122 et
889 2063 971 2134 quod
979 2064 1035 2120 tibi
1045 2062 1161 2122 Romae

262 2158 455 2217 ostenderam
466 2180 515 2217 me
527 2168 731 2228 servaturum3
748 2163 781 2216 in
792 2179 852 2230 quo
863 2162 1058 2230 perseveravi.
1099 2160 1162 2219 Sed

263 2254 336 2324 quid
363 2260 478 2326 poterit
502 2260 588 2326 queri
612 2260 646 2326 is,
670 2260 731 2326 qui,
757 2254 876 2313 auferre
904 2257 1065 2326 pecuniam
1091 2274 1161 2313 cum

262 2357 374 2421 posset,
403 2351 522 2408 noluit?
571 2350 702 2422 Scaptio,
732 2355 784 2421 qui
812 2354 844 2408 in
873 2349 1061 2421 Cappadocia
1091 2350 1161 2422 fuit,

262 2452 337 2517 puto
360 2465 425 2504 esse
449 2450 520 2505 satis
543 2446 666 2504 factum.
712 2446 742 2503 ls
765 2467 782 2502 a
805 2465 854 2502 me
877 2446 1067 2502 tribunatum
1091 2465 1160 2503 cum

261 2545 436 2613 accepisset,
452 2561 543 2614 quem
558 2562 616 2612 ego
634 2562 671 2600 ex
690 2542 776 2599 Bruti
795 2541 906 2599 litteris
926 2545 955 2598 ei
969 2539 1159 2611 detulissem,

261 2645 367 2709 postea
381 2642 500 2710 scripsit
513 2638 552 2696 ad
566 2658 616 2696 me
631 2658 663 2696 se
678 2642 723 2695 uti
738 2637 819 2695 nolle
835 2657 871 2695 eo
885 2637 1051 2694 tribunatu.

304 2724 415 2784 Gavius
438 2734 485 2784 est
505 2724 638 2797 quidam,
659 2730 707 2783 cui
728 2745 798 2782 cum
820 2723 1043 2797 praefecturam
1069 2724 1159 2783 detu-

260 2813 363 2872 lissem
378 2813 463 2872 Bruti
478 2822 596 2886 rogatu,
610 2814 707 2871 multa
721 2820 754 2870 et
771 2812 849 2870 dixit
864 2820 897 2870 et
911 2811 985 2869 fecit
999 2831 1071 2869 cum
1086 2832 1159 2883 qua-

262 2901 332 2962 dam
354 2922 423 2961 mea
445 2903 639 2974 contumelia,
665 2901 696 2959 P.
722 2900 808 2961 Clodi
833 2903 923 2958 canis.
968 2899 998 2956 Is
1024 2919 1075 2957 me
1101 2920 1160 2959 nec

261 2992 501 3064 proficiscentem
526 2992 694 3063 Apameam
719 2997 895 3061 prosecutus
918 2996 974 3058 est,
996 3008 1066 3058 nec,
1089 3009 1159 3047 cum

260 3090 366 3153 postea
383 3085 415 3138 in
430 3089 526 3139 castra
543 3084 676 3138 venisset
689 3087 782 3149 atque
798 3078 871 3136 inde
885 3075 1069 3148 discederet,
1085 3098 1159 3136 num

260 3169 334 3242 quid
348 3169 469 3239 vellem,
480 3172 607 3239 rogavit,
619 3176 652 3225 et
667 3167 726 3225 fuit
739 3173 844 3238 aperte
859 3165 935 3223 milri
949 3169 1054 3222 nescio
1066 3185 1161 3236 quare

345 3268 404 3323 458
