2484 3854
441 311 611 372 MARCUS
632 310 814 372 TULLIUS
837 313 987 372 CICERO

266 438 409 502 patronus
431 437 604 501 instituam
618 434 673 491 sed
694 454 786 505 soror,
808 454 886 505 quae
907 442 1028 492 tantum
1049 433 1159 492 habeat

266 531 429 590 consularis
461 534 530 604 loci,
559 555 653 592 nnrnn
688 535 764 592 mihi
799 536 895 592 solum
930 535 1041 608 pedem
1077 534 1157 593 dat.'’

267 619 393 703 “Noli’'
418 637 541 705 inquam
556 622 621 693 “de
645 655 706 693 uno
728 635 808 707 pede
832 640 939 693 sororis
962 640 1063 707 queri3
1088 636 1160 693 licet

267 738 359 791 etiam
378 733 508 792 alterum
525 736 643 794 tollas.’'
688 737 758 794 Non
777 737 944 807 consulare,
965 741 1093 808 inquies
1115 736 1159 794 di·
1236 774 1237 789 i

266 842 358 893 ctum.
404 836 528 905 Fateor3
545 837 600 895 sed
619 857 678 909 ego
697 838 779 895 illam
797 838 849 895 odi
866 839 945 896 male
962 838 1157 896 consularem.

267 921 337 992 “Ea
352 944 399 994 est
417 942 499 995 enim
516 938 669 1009 seditiosa,
685 960 721 997 ea
742 960 812 997 cum
834 944 897 996 viro
918 939 1033 997 bellum
1054 939 1158 1010 gerit'’

265 1058 366 1109 neque
390 1037 486 1096 solum
510 1060 579 1096 cnm
603 1039 742 1110 Metello,
766 1040 820 1098 sed
846 1044 939 1098 etiam
963 1060 1032 1097 cum
1058 1039 1160 1111 Fabio,

266 1138 347 1209 quod
362 1128 435 1197 eosl
450 1145 483 1196 in
497 1140 555 1197 hoc
570 1161 635 1199 esse
650 1140 779 1199 moleste
794 1140 862 1199 fert.

308 1234 398 1306 Quod
421 1235 460 1294 de
483 1242 599 1307 agraria
620 1237 690 1308 lege
713 1241 841 1308 quaeris,
863 1257 935 1295 sane
958 1241 1018 1294 iam
1040 1235 1161 1295 videtur

265 1330 424 1389 refrixisse.
470 1331 561 1403 Quod
576 1353 625 1390 me
640 1333 771 1404 quodam
785 1333 876 1390 modo
885 1333 970 1389 molli
984 1331 1106 1390 brachio
1120 1332 1160 1390 de

267 1425 391 1497 Pompei
402 1427 606 1486 familiaritate
618 1430 767 1499 obiurgas,
776 1429 871 1498 nolim
881 1433 924 1485 ita
935 1431 1099 1499 existimeS,
1110 1449 1161 1486 me

265 1525 326 1578 mei
340 1523 481 1593 praesidii
496 1544 584 1581 causa
599 1545 667 1582 cnm
681 1525 734 1581 illo
749 1529 944 1582 coniunctum
958 1543 1034 1595 esse,
1048 1523 1102 1581 sed
1117 1528 1162 1581 ita

265 1636 313 1675 res
335 1628 400 1676 erat
421 1623 571 1691 instituta,
587 1630 632 1691 ut,
647 1625 672 1678 si
692 1625 773 1678 inter
787 1641 842 1678 nos
862 1627 942 1677 esset
961 1620 1061 1690 aliqua
1080 1619 1160 1678 forte

265 1712 421 1786 dissensio,
442 1720 586 1773 maximas
609 1720 641 1773 in
665 1737 697 1773 re
720 1716 841 1787 publica
863 1714 1025 1773 discordias
1049 1721 1162 1773 versari
1236 1728 1237 1745 ³

265 1818 346 1868 esset
359 1831 491 1869 necesse.
525 1811 616 1882 Quod
632 1832 710 1873 ame
720 1816 764 1868 ita
778 1819 974 1882 praecautum
984 1818 1076 1881 atque
1091 1831 1161 1883 pro-

265 1909 361 1963 visum
384 1915 441 1977 est,
456 1927 518 1964 non
540 1916 575 1965 ut
598 1927 655 1979 ego
678 1907 717 1965 de
739 1911 854 1979 optima
878 1906 930 1964 illa
952 1927 1020 1964 mea
1043 1911 1161 1965 ratione

265 2000 457 2073 decederem,
481 2002 534 2060 sed
560 2010 595 2060 ut
620 2002 672 2060 ille
696 2010 777 2060 esset
798 2002 906 2059 melior
928 2009 961 2059 et
983 2001 1097 2073 aliquid
1120 2002 1161 2061 de
1236 2044 1237 2069 ;

264 2097 400 2168 populari
415 2098 541 2156 levitate
556 2098 732 2170 deponeret.
757 2097 857 2169 Quem
873 2097 912 2155 de
927 2102 1002 2155 meis
1016 2098 1116 2169 rebus,
1128 2103 1162 2156 in

264 2213 338 2263 quas
366 2214 437 2251 eum
465 2195 554 2252 multi
583 2198 756 2264 incitarant,
781 2194 878 2251 multo
903 2196 979 2250 scito
1002 2192 1162 2263 gloriosius

264 2309 354 2360 quam
379 2289 419 2346 de
445 2294 504 2347 suis
530 2289 720 2362 praedicare3
750 2290 806 2347 sibi
832 2292 914 2345 enim
939 2290 1018 2346 bene
1042 2297 1162 2361 gestae,

264 2384 338 2440 mihi
354 2393 547 2442 conservatae
562 2390 605 2443 rei
620 2384 758 2458 publicae
773 2384 826 2441 dat
840 2388 1056 2442 testimonium.
1089 2385 1162 2442 Hoc

263 2480 364 2537 facere
386 2480 471 2538 illum
492 2480 566 2538 mihi
588 2501 679 2553 quam
700 2485 804 2553 prosit,
818 2484 935 2548 uesci03
957 2483 1001 2537 rei
1019 2480 1162 2552 publicae

264 2583 347 2633 certe
362 2576 494 2647 prodest.
529 2576 631 2648 Quid?
653 2581 678 2635 si
693 2581 785 2633 etiam
800 2576 967 2645 Caesarem,
979 2579 1063 2634 cuius
1077 2596 1162 2634 nunc

184 2706 189 2721 ·
263 2676 348 2729 venti
362 2671 451 2729 valde
466 2681 537 2731 sunt
551 2672 686 2742 secundi,
702 2671 796 2730 reddo
815 2670 981 2741 meliorem,
995 2691 1070 2728 num
1091 2680 1163 2730 tan-

263 2775 330 2825 tum
344 2769 450 2825 obsum
465 2773 509 2826 rei
523 2769 681 2840 publicae?
724 2767 807 2839 Quin
822 2771 924 2838 etiam,
940 2771 964 2824 si
978 2766 1053 2824 mihi
1068 2788 1164 2826 nemo
1218 2814 1225 2829 .

262 2863 424 2933 invideret,
439 2868 464 2921 si
478 2884 593 2934 omneS,
608 2872 643 2921 ut
658 2871 723 2920 erat
737 2880 877 2934 aequum,
892 2862 1039 2933 faverent,
1054 2871 1165 2921 tamen

263 2979 325 3016 non
347 2963 447 3017 minus
472 2968 553 3017 esset
577 2958 733 3031 probanda
756 2958 916 3030 medicina,
938 2979 1015 3030 quae
1039 2968 1166 3018 sanaret

262 3059 384 3113 vitiosas
408 3063 510 3127 partes
535 3059 579 3112 rei
604 3054 754 3126 publicae,
776 3074 867 3125 quam
892 3074 969 3126 quae
993 3065 1163 3116 exsecaret.

491 3176 554 3226 ¹eos
565 3192 627 3226 esse
638 3166 664 3225 in
678 3177 729 3225 boc
740 3192 802 3225 esse
813 3177 893 3226 MSS.

350 3264 408 3324 106
