2526 3850
510 518 552 581 M.
576 516 704 577 TULLI
727 514 948 575 CICERONIS

434 612 736 674 EPISTULARUM
758 612 819 670 AD
840 610 1031 670 ATTICUM
1137 642 1139 645 ·

559 708 685 769 LIBER
706 706 905 781 QUARTUS

727 876 742 934 1

574 978 679 1017 CICERO
700 978 806 1016 ATTICO
827 977 886 1015 SAL.

72 1049 131 1107 Sor.
147 1048 254 1107 Romae
327 1044 403 1102 Cum
417 1047 548 1115 primum
563 1043 689 1101 Romam
703 1047 783 1112 veni,
794 1042 914 1114 fuitque
929 1045 978 1099 cui
994 1048 1079 1099 recte
1093 1038 1133 1097 ad
1146 1046 1180 1097 te

72 1133 141 1191 med.
149 1153 183 1190 m.
195 1132 269 1203 Sept.
284 1129 403 1186 litteras
425 1127 540 1199 darem,
563 1127 640 1184 nihil
662 1131 745 1198 prius
769 1126 944 1184 faciendum
967 1123 1043 1182 mihi
1065 1127 1180 1195 putavi,

73 1237 100 1274 a.
117 1214 179 1275 697

284 1232 376 1284 quam
404 1218 439 1269 ut
466 1212 524 1269 tibi
547 1212 668 1268 absenti
689 1210 728 1268 de
750 1210 852 1268 reditu
875 1216 979 1267 nostro
1002 1207 1179 1279 gratularer.

286 1296 455 1367 Cognoram
469 1298 561 1364 enim,
576 1301 612 1351 ut
626 1313 696 1352 vere
710 1295 849 1364 scribam,
864 1301 896 1351 te
910 1297 944 1350 in
958 1291 1090 1350 consiliis'
1105 1290 1182 1348 mihi

285 1378 394 1436 dandis
417 1397 474 1436 nec
494 1376 651 1435 fortiorem
675 1397 733 1435 nec
757 1377 986 1449 prudentiorem
1015 1395 1106 1447 quam
1130 1394 1181 1433 me

285 1467 384 1533 ipsum
395 1480 453 1519 nec
465 1465 558 1519 etiam
565 1480 623 1541 pro
632 1465 799 1532 praeterita
810 1480 879 1519 mea
889 1465 922 1517 in
932 1468 965 1518 te
976 1445 1181 1540 observantia?

286 1549 414 1603 nimium
455 1548 488 1600 in
530 1542 667 1602 custodia
709 1544 813 1602 salutis
859 1558 946 1601 meae
988 1542 1181 1613 diligentem,

287 1628 480 1699 eundemque
494 1634 537 1698 te,
552 1631 605 1699 qui
626 1632 729 1699 primis
748 1628 936 1699 temporibus
955 1630 1062 1684 erroris
1085 1630 1183 1684 nostri

286 1720 340 1770 aut
364 1716 464 1783 potius
487 1709 595 1768 furoris
617 1716 769 1783 particeps
793 1718 826 1769 et
850 1710 918 1768 falsi
942 1714 1058 1767 timoris
1083 1713 1183 1768 socius

286 1795 404 1866 fuisses,
419 1796 610 1852 acerbissime
626 1795 786 1853 discidium
800 1802 937 1852 nostrum
956 1794 1073 1863 tulisse,
1087 1794 1183 1865 pluri·

286 1898 430 1950 mumque
453 1898 572 1950 operae,
592 1879 695 1950 studii,
710 1878 899 1950 dssigentiae,
919 1877 1030 1936 laboris
1047 1877 1088 1935 ad
1111 1897 1183 1942 con-

286 1961 450 2020 ficiendum
475 1961 608 2019 reditum
632 1982 735 2020 meum
760 1961 971 2034 contuliSscs
986 1960 1095 2031 Itaque
1124 1961 1184 2018 hoo

286 2047 343 2103 tibi
357 2065 429 2116 vere
442 2044 577 2116 adfirmo,
592 2049 624 2102 in
637 2049 768 2103 maxima
780 2045 899 2103 laetitia
912 2052 945 2103 et
956 2049 1185 2116 exoptatissima

286 2129 491 2200 gratulatione
514 2149 609 2187 unum
636 2130 675 2187 ad
701 2129 917 2187 cumulandum
940 2128 1087 2200 gaudium
1105 2141 1183 2186 'con-

287 2219 426 2285 spectum
440 2219 493 2269 aut
507 2216 608 2284 potius
628 2211 821 2291 complexum
839 2212 914 2269 mihi
935 2219 1023 2269 tuum
1038 2211 1182 2273 defuisse.

287 2294 389 2367 Quem
403 2295 498 2354 semel
508 2303 616 2354 nactus
630 2301 656 2379 si
669 2316 812 2368 umquam
822 2296 964 2354 dimIsero
974 2315 1009 2352 ac
1020 2298 1080 2352 nisi
1090 2299 1185 2353 etiam

287 2382 513 2451 praetermissos
527 2378 644 2438 fructus
658 2386 729 2438 tuae
751 2383 906 2443 suavitatis
925 2383 1084 2451 praeteriti
1105 2387 1184 2437 tem-

287 2466 368 2534 poris
403 2481 509 2520 omnes
545 2482 686 2534 exegero,
721 2462 859 2534 profecto
894 2461 951 2519 hac
985 2466 1183 2520 restitutione

288 2545 428 2603 fortunae
442 2565 492 2625 me
506 2549 571 2630 ipse
586 2566 648 2603 non
661 2549 734 2623 satis
748 2546 876 2616 dignum
890 2544 1037 2603 iudicabo.

331 2630 394 2687 Nos
408 2628 518 2700 adhuc,
533 2633 565 2686 in
580 2637 684 2687 nostro
703 2636 785 2686 statu
804 2629 887 2701 quod
906 2628 1081 2686 difficillime
1096 2648 1185 2686 recu·

288 2715 387 2784 perari
412 2732 499 2784 posse
523 2714 662 2770 arbitrati
686 2732 799 2784 sumus,
823 2712 1017 2783 splendorem
1046 2719 1185 2769 nostrum

288 2795 374 2853 illum
399 2794 552 2854 forensem
575 2802 608 2854 et
630 2800 662 2853 in
686 2802 793 2854 senatu
813 2800 1028 2853 auctoritatem
1047 2803 1080 2853 et
1101 2795 1186 2867 apud

288 2882 366 2936 viros
381 2879 475 2937 bonos
489 2883 627 2950 gratiam,
639 2883 745 2950 magis,
759 2899 850 2951 quam
864 2886 1014 2950 optamus,
1029 2884 1186 2936 consecuti

288 2981 409 3031 sumus;
431 2967 510 3021 inre
525 2969 628 3020 autem
643 2962 792 3035 familiari,
807 2983 885 3034 quae
900 2982 992 3034 quem
1005 2962 1045 3020 ad
1059 2963 1185 3020 modum

320 3075 450 3141 'propter
460 3075 503 3138 (or
512 3080 668 3140 propterea)
681 3092 769 3126 meam
782 3077 807 3125 in
821 3083 847 3126 te
858 3076 1072 3129 observantiam.
1103 3076 1183 3126 MSS.

173 3141 178 3148 ’
289 3139 426 3192 corrected
434 3141 468 3206 by
478 3142 582 3191 Bosr'us.

370 3249 429 3303 258
