2484 3854
428 283 598 344 MARCUS
619 284 801 343 TULLIUS
823 283 973 341 CICERO

668 502 741 559 XVI

554 630 657 667 c1cnno
672 629 778 667 arnco
792 630 850 667 sas.
934 619 936 623 '

43 716 101 855 {aa
115 716 143 810 ia
210 797 215 809 Ι
298 718 413 777 Cenato
436 719 511 776 mihi
534 727 567 776 et
589 723 649 775 iam
671 719 849 777 dormitanti
871 719 969 791 pridie
994 720 1029 777 K.
1057 721 1156 780 Maias
1240 718 1241 725 ¹

70 819 194 857 omninno
205 819 241 855 m.

43 882 213 940 mMaioa.
306 940 343 951 ..
446 939 451 951 ι
588 939 594 950 .
692 939 698 951 .
774 939 780 951 ⁶
1009 941 1014 952 Ι

44 966 107 1023 595
257 936 368 994 scribis.
392 934 475 1006 Quid
492 936 632 1006 quaeris?
650 955 751 1006 pnmo
772 943 815 993 ita
832 956 881 993 me
900 945 1041 1008 pupug1t‚
1056 945 1092 995 ut
1106 958 1155 995 50.

257 827 386 899 epistula
409 836 456 885 est
478 827 530 884 illa
553 826 683 898 reddita,
705 830 745 884 in·
760 847 820 898 qua
842 827 881 885 de
904 848 977 898 agro
1000 829 1156 901 Campano

256 1065 362 1101 mnum
376 1044 451 1101 mihi
465 1043 623 1114 ademerit,
638 1043 693 1101 sed
707 1044 739 1101 id
754 1049 938 1115 cogitatione
949 1049 1044 1123 magis
1062 1066 1156 1117 quam

256 1153 413 1221 molestia;
444 1156 591 1223 cogitanti
613 1160 716 1209 autem
740 1151 815 1211 haec
840 1153 904 1212 fere
928 1154 1153 1213 succurrebant.

258 1260 391 1318 Primum
407 1281 444 1318 ex
464 1281 510 1330 eo,
526 1260 607 1331 quod
629 1262 830 1331 superioribus
851 1262 962 1319 litteris
983 1266 1155 1334 scripseras,

258 1388 295 1425 ex
310 1366 448 1423 familiari
463 1375 495 1424 te
506 1367 586 1424 illius
597 1366 715 1425 audisse
726 1360 877 1439 prolatum
891 1373 928 1425 iri
938 1369 1060 1440 aliquid,
1073 1370 1156 1441 quod

257 1499 348 1536 nemo
362 1480 556 1551 improbaret,
567 1483 663 1537 maius
673 1479 787 1550 ahquid
801 1482 969 1536 timueram.
987 1478 1064 1550 ¹Hoc
1078 1477 1156 1536 mihi

258 1591 323 1645 eius
345 1586 427 1644 modi
450 1607 513 1644 non
534 1588 700 1646 videbatur.
746 1586 878 1656 Deinde,
900 1593 936 1643 ut
958 1606 1008 1643 me
1031 1595 1157 1656 egomet

258 1694 404 1766 consoler,
429 1700 526 1753 omnis
555 1700 742 1767 exspectatio
769 1695 937 1765 largitionis
965 1697 1098 1765 agrariae
1122 1692 1156 1751 in

258 1816 364 1868 agrum
379 1796 565 1867 Campanum
579 1794 701 1854 videtur
716 1816 781 1854 esse
796 1795 941 1865 derivata,
956 1799 1008 1867 qui
1021 1815 1104 1866 ager,
1119 1805 1157 1854 ut

258 1898 339 1956 dena
352 1901 457 1968 iugera
468 1902 539 1968 sint,
550 1919 612 1955 non
622 1899 750 1970 amplius
761 1898 918 1955 hominum
928 1902 1062 1969 quinque
1073 1898 1158 1956 milia

258 2005 361 2070 potest
384 2001 552 2067 sustinere3
579 1999 695 2069 reliqua
723 2003 819 2057 omnis
844 1999 1009 2057 multitudo
1033 2000 1072 2056 ab
1086 1999 1158 2058 illis

259 2099 449 2156 abalienetur
469 2118 593 2157 necesse
616 2108 670 2157 est.
718 2100 878 2158 Praeterea
899 2104 923 2157 si
946 2100 1076 2158 uliares
1098 2108 1156 2171 est,

260 2218 337 2269 quae
351 2200 498 2256 bonorum
509 2204 633 2271 animoS,
645 2215 719 2272 qnos
734 2206 793 2258 iam
804 2201 892 2259 video
904 2221 969 2259 esse
981 2210 1157 2272 commotos,
1238 2254 1241 2273 ,

259 2299 471 2357 vehementius
489 2305 585 2372 possit
605 2303 778 2373 incendere,
794 2303 869 2360 haec
891 2311 975 2360 certe
997 2311 1045 2360 est
1066 2312 1099 2362 et
1119 2323 1158 2361 eo

259 2405 365 2472 magis,
381 2401 462 2471 quod
483 2407 622 2473 portoriis
645 2403 751 2463 Italiae
766 2405 901 2475 sublatis,
916 2424 989 2476 agro
1003 2404 1158 2476 Campano

260 2502 355 2559 diviso
370 2501 451 2572 quod
465 2505 596 2574 vectigal
611 2514 749 2577 superest
763 2506 963 2564 domesticum
977 2515 1100 2577 praeter
1113 2493 1158 2564 ui-

261 2605 446 2661 censimam?
468 2625 546 2676 quae
564 2607 639 2663 mihi
659 2608 780 2665 videtur
800 2629 861 2665 una
882 2609 1075 2666 contiuncula
1097 2609 1158 2667 cla-

260 2726 344 2763 more
358 2705 591 2777 pedisequorum
602 2718 772 2768 nostrorum
787 2731 852 2768 esse
868 2715 1008 2782 peritura.
1034 2712 1158 2771 Gnaeus

261 2806 385 2878 quidem
399 2815 502 2865 noster
515 2812 575 2866 iam
589 2810 680 2882 plane
694 2812 768 2882 quid
782 2817 898 2883 cogitet
912 2817 1033 2883 nesci03

357 2926 373 2966 ἶ
408 2931 488 2998 φυσᾷ
498 2928 555 3009 γὰρ
570 2928 602 2987 οὐ
616 2936 784 3002 σμικροῖσιν
798 2931 949 2995 αὐλίσκοις
964 2933 1013 3002 ἔτι,

409 3022 483 3081 ἀλλ’
501 3024 616 3095 ἀγρίαις
632 3025 755 3096 φῖσαισι
771 3027 910 3100 φορβειᾶς
925 3028 1001 3099 ἄτερ.

262 3149 314 3216 qui
329 3144 452 3215 quidem
468 3149 560 3203 etiam
575 3151 652 3205 istuc
666 3132 776 3206 adduci
786 3154 929 3222 potuerit.
968 3150 1047 3206 Nam
1058 3149 1158 3207 adhuc

349 3234 406 3284 152
