2480 3862
437 264 607 334 MARCUS
629 263 810 334 TULLIUS
833 261 982 321 CICERO

261 384 372 444 fuisse?
392 385 499 458 ,Atqui
520 385 598 443 nihil
613 385 721 444 habuit
734 384 817 442 aliud
832 386 1010 455 inscriptum
1024 388 1086 442 nisi
1101 399 1157 442 cos.

261 500 297 539 ea
312 488 421 552 statua,
436 502 514 553 quae
529 483 569 539 ad
584 482 660 553 Opis
675 469 784 553 nuper¹
799 485 897 552 posita
911 483 943 537 in
958 479 1081 538 excelso
1103 489 1157 539 est

263 576 299 633 In
314 576 366 633 illa
380 586 493 648 autern,
509 598 586 648 quae
601 576 701 635 estad
717 574 905 637 Πολυκλέους
921 576 1102 646 Herculem,
1114 581 1157 634 in·

261 676 460 743 scriptumest
470 663 574 742 curus32
589 693 679 743 quam
691 692 756 730 esse
763 672 899 730 eiusdem
905 677 1012 741 status,
1019 676 1156 742 amictus

261 768 378 839 anulus
390 773 490 840 imago
503 773 568 841 ipsa
582 769 723 827 declarat.
759 767 802 825 At
815 766 990 825 mehercule
1006 786 1075 838 ego,
1090 787 1157 825 cum

262 868 294 921 in
308 871 408 921 turma
422 869 626 922 inauratarum
642 867 837 935 equestrium,
853 882 927 933 quas
943 861 994 919 hic
1013 862 1159 921 Metellus

261 964 293 1015 in
317 960 464 1031 Capitolio
487 966 597 1032 posuit,
621 959 900 1017 animadvertissem
925 963 957 1015 in
986 958 1161 1038 Serapionis

262 1057 481 1128 subscriptione
496 1056 632 1114 Africani
647 1059 820 1127 imaginem,
832 1062 966 1112 erratum
980 1053 1090 1114 fabrile
1105 1075 1162 1127 pu-

261 1155 332 1222 tavi,
348 1171 429 1209 nunc
451 1152 540 1211 video
562 1150 690 1210 Metelli.
737 1151 765 1209 Ο
788 1149 999 1221 ἀνιοτορησίον
1021 1153 1163 1225 turpem!

261 1247 341 1304 Nam
355 1247 432 1305 illud
446 1247 485 1306 de
506 1248 608 1305 Flavio
623 1255 655 1305 et
669 1247 763 1317 fastiS,
779 1251 803 1304 si
822 1265 908 1303 secus
924 1253 980 1316 est,
996 1266 1162 1306 commune

261 1350 394 1400 erratum
416 1351 472 1414 est,
488 1351 576 1402 ettu
597 1343 678 1401 belle
699 1340 855 1414 ἠπόρησοις,
875 1349 908 1399 et
929 1361 984 1399 nos
1005 1342 1162 1413 publicam

260 1457 355 1510 prope
364 1443 539 1510 opinionem
548 1444 644 1497 secuti
654 1458 765 1508 sumus,
775 1445 810 1495 ut
819 1438 916 1495 multa
924 1436 1006 1508 apud
1016 1438 1160 1497 Graecos,

261 1533 337 1604 Quis
360 1539 442 1591 enim
464 1555 525 1592 non
549 1535 627 1593 dixit
649 1533 787 1604 Εὔπολιν,
812 1536 863 1591 τὸν
885 1533 936 1604 τῆς
960 1532 1097 1606 ἀρχαίας,
1123 1536 1161 1592 ab

259 1618 418 1688 Alcibiade
426 1634 589 1701 navigante
598 1635 631 1688 in
640 1630 771 1690 Siciliam
777 1629 930 1687 deiectum
942 1649 1008 1687 esse
1015 1634 1047 1686 in
1056 1633 1161 1689 mare?

263 1725 429 1797 Redarguit
449 1727 682 1796 Eratosthenes3
704 1725 805 1784 adfert
819 1730 911 1795 enim,
926 1744 1001 1795 quas
1015 1724 1069 1783 ille
1090 1735 1162 1798 post

259 1820 291 1878 id
316 1829 437 1893 tempus
466 1823 582 1880 fabulas
610 1822 755 1880 docuerit.
810 1822 893 1878 Num
920 1821 1033 1878 idcirco
1066 1822 1161 1880 Duris

260 1915 387 1986 Samius,
402 1916 492 1974 homo
507 1922 540 1975 in
559 1918 684 1978 historia
704 1916 844 1987 diligens,
859 1916 941 1987 quod
962 1937 1031 1973 cum
1052 1918 1161 1978 multis

259 2016 379 2081 erravit,
408 2013 576 2071 inridetur?
635 2014 710 2086 Quis
740 2012 901 2070 Zaleucum
929 2012 1015 2082 leges
1053 2013 1162 2079 Locris

259 2111 410 2178 scripsisse
425 2129 485 2165 non
501 2110 597 2167 dixit?
627 2110 709 2166 Num
720 2113 813 2179 igitur
823 2111 904 2165 iacet
917 2107 1161 2182 Theophrastus,
1228 2182 1229 2185 Ἴ

259 2207 284 2260 si
303 2202 335 2260 id
354 2224 372 2260 a
392 2203 526 2276 Timaeo,
541 2213 596 2262 tuo
615 2204 763 2275 familiari,
784 2223 963 2275 reprensum
983 2204 1049 2261 est?
1096 2205 1161 2265 Sed

258 2303 374 2356 nescire
396 2320 541 2370 proavum
564 2321 652 2358 suurn
675 2319 830 2358 censorem
853 2318 916 2356 non
941 2299 1034 2356 fuisse
1065 2308 1161 2375 turpe

258 2401 315 2463 est,
326 2400 504 2465 praesertim
519 2417 588 2453 cum
602 2404 672 2467 post
683 2415 753 2454 eum
767 2394 924 2453 consulem
935 2414 1026 2453 nemo
1042 2396 1160 2457 Corne-

257 2489 315 2546 lius
330 2489 382 2547 illo
396 2494 464 2548 vivo
478 2511 584 2550 censor
598 2491 697 2549 fuerit.
806 2548 811 2556 ,

300 2585 391 2657 Quod
405 2586 444 2644 de
460 2586 623 2645 Philotimo
637 2595 669 2644 et
684 2586 723 2645 de
734 2586 884 2643 solutione
897 2586 953 2645 HS
966 2577 1075 2657 ΙΧΤΜλ
1087 2596 1161 2648 scri-

257 2680 312 2750 bis,
335 2681 530 2739 Philotimum
555 2687 675 2740 circiter
700 2681 764 2739 Kal.
788 2682 942 2740 lanuarias
967 2686 1001 2740 in
1027 2685 1161 2744 Cherso-

257 2795 364 2833 nesum
392 2778 481 2835 audio
510 2783 635 2836 venisse.
680 2778 723 2836 At
747 2781 789 2835 mi
814 2778 853 2835 ab
878 2798 916 2835 eo
940 2778 1020 2838 nihil
1045 2782 1159 2842 adhuc.

208 2872 210 2876 ’
258 2870 385 2943 Reliqua
399 2893 467 2930 mea
481 2873 624 2932 Camillus
641 2874 745 2932 scribit
759 2893 791 2931 se
808 2879 970 2946 accepisse.
1018 2877 1064 2935 Ea
1079 2898 1162 2951 quae

289 2965 298 2997 ¹
310 2984 396 3032 nuper
406 2969 474 3018 Boot
480 2985 493 3027 ,¹
510 2987 558 3033 per
570 2977 597 3019 te
609 2971 687 3019 MSS.

272 3051 273 3054 ¹
286 3030 398 3083 ²Ihave
406 3035 522 3099 adopted
531 3037 555 3084 Τ
547 3037 653 3099 yrrell’s
662 3036 853 3100 transposition
865 3037 968 3100 ofCOS.
981 3037 1162 3106 (=00NSUL)

254 3099 313 3146 and
322 3111 402 3148 cans.
417 3100 589 3164 (=0EN80R)
605 3102 703 3165 though
715 3101 781 3150 avith
792 3101 886 3150 doubts
897 3104 931 3167 of
936 3104 975 3153 its
985 3113 1159 3159 correctness.

339 3206 399 3259 484
