2498 3850
451 304 621 363 Marcus
642 304 825 364 Turnus
846 305 996 364 c1cua0
1026 290 1032 301 ‘

277 423 616 497 Quodsiimpetrasset,
627 425 738 484 iudicia
748 426 814 484 fore
824 425 1013 485 videbantur.
1052 427 1175 500 Eanos,
1243 456 1244 459 ¹

275 529 384 593 utpote
407 526 459 592 qui
481 521 558 578 nihil
582 531 778 580 contemnere
802 523 976 593 soleremus,
998 542 1061 580 non
1078 529 1175 596 perti-

275 618 490 675 mescebamus.
536 618 706 675 Hominum
730 618 854 689 quidem
880 639 996 676 summa
1021 639 1094 691 erga
1119 640 1175 678 nos

275 711 376 770 studia
397 713 659 785 significabantur3
681 714 735 772 sed
757 734 877 785 prorsus
894 718 975 772 vitae
992 715 1113 784 taedet3
1130 720 1175 773 ita

275 816 348 866 sunt
364 814 465 866 omnia
486 814 622 867 omnium
643 814 831 867 miseriarum
852 809 1033 880 plenissima.
1079 810 1175 868 Modo

275 905 401 962 eaedem
418 909 615 962 timueramus
634 924 725 975 quam
742 910 838 962 oratio
855 905 1010 963 fortissimi
1028 911 1118 976 senis,
1132 905 1172 978 Q.

276 1000 408 1071 Considi,
423 1000 617 1058 discusserat:
642 1020 687 1071 ea,
711 1020 756 1071 ea,
778 1005 911 1071 inquam,
934 991 1037 1071 quaml
1061 1001 1175 1060 cotidie

275 1101 384 1155 timere
399 1105 604 1168 potueramus,
619 1097 719 1154 subito
734 1103 839 1154 exorta
850 1105 904 1154 est.
943 1095 1027 1168 Quid
1038 1099 1174 1168 quaeris?

275 1192 353 1250 nihil
375 1212 425 1249 me
448 1191 674 1262 infortunatiuS,
697 1191 775 1249 nihil
794 1191 977 1250 fortunatius
999 1201 1046 1250 est
1066 1193 1175 1250 Catulo
1243 1220 1244 1243 ÷

276 1308 346 1346 cum
354 1287 605 1359 splendorevitae
615 1295 682 1345 tum
692 1292 797 1345 mortis
808 1296 955 1359 tempore.
994 1288 1058 1346 Nos
1068 1296 1176 1346 tamen
1243 1328 1244 1333 κ

276 1388 309 1441 iu
329 1382 377 1440 his
397 1387 525 1441 miseriis
547 1391 649 1440 erecto
670 1388 771 1441 animo
793 1391 826 1441 et
846 1388 971 1441 minime
996 1385 1175 1455 perturbato

181 1511 184 1514 ⁴
276 1498 378 1537 sumus
389 1477 660 1550 honestissimeque
672 1487 706 1537 et
716 1478 900 1550 dignitatem
914 1486 947 1537 et
960 1484 1176 1538 auctoritatem

275 1582 410 1632 nostram
424 1593 535 1646 magna
549 1594 620 1632 cura
634 1583 763 1633 tuemur.
918 1558 923 1571 ’
1231 1636 1239 1653 ,Ι

271 1666 307 1725 5
306 1713 311 1723 ,
319 1669 480 1741 Pompeius
499 1669 538 1727 de
559 1669 664 1727 Clodio
683 1671 770 1728 iubet
791 1690 847 1728 nos
870 1689 936 1728 esse
958 1675 1024 1729 sine
1046 1690 1119 1728 cura
1142 1681 1177 1731 et
1241 1646 1244 1695 l

276 1786 425 1826 summam
441 1770 474 1822 in
490 1785 545 1824 nos
564 1766 810 1824 benevolentiam
827 1770 910 1823 omni
927 1770 1063 1824 oratione
1081 1771 1176 1838 signi-
1243 1792 1244 1869 p

276 1863 354 1920 licat.
390 1860 435 1918 Te
458 1861 571 1919 habere
594 1861 786 1920 consiliorum
808 1869 973 1932 auctorem,
996 1858 1175 1920 sollicitudi-
1243 1876 1244 1931 l

276 1978 351 2016 uum
368 1961 492 2027 socium,
507 1962 590 2014 omni
607 1962 640 2014 in
658 1962 842 2028 cogitatione
862 1961 1058 2014 coniunctum
1076 1963 1173 2030 cupio.

278 2052 390 2124 Quare,
404 2061 440 2111 ut
455 2053 616 2110 Numestio
629 2052 779 2123 mandavi,
794 2061 897 2110 tecum
914 2061 950 2110 ut
967 2062 1084 2125 ageret,
1099 2058 1176 2112 item
1243 2058 1244 2065 ’

277 2157 370 2220 atque
388 2168 435 2220 eo,
453 2152 478 2207 si
495 2156 607 2220 potest,
627 2153 733 2217 acrius
752 2156 784 2206 te
802 2168 886 2220 rogo,
903 2156 939 2206 ut
955 2148 1046 2220 plane
1064 2149 1104 2207 ad
1121 2170 1176 2209 nos

277 2244 407 2303 advoles.
454 2244 621 2315 Respiraro,
637 2248 662 2303 si
676 2251 709 2301 te
724 2243 835 2301 videro.

682 2440 770 2496 XXV

571 2555 674 2593 cresso
696 2553 801 2593 anrrco
823 2553 881 2592 sau.

66 2639 125 2698 Ser,
138 2639 246 2698 Romae
320 2631 395 2690 Cum
409 2633 542 2703 aliquem
556 2631 637 2703 apud
651 2637 684 2690 te
699 2630 822 2689 laudaro
836 2639 958 2688 tuorum
973 2629 1177 2703 familiarium,

66 2730 129 2782 ante
143 2723 180 2781 K.
276 2728 376 2786 volam
393 2728 479 2785 illum
497 2733 572 2786 scire
591 2748 629 2786 ex
646 2735 679 2786 te
697 2747 747 2785 me
765 2727 797 2785 id
816 2718 941 2797 fecisse,
954 2734 991 2784 ut
1009 2747 1109 2799 nuper
1125 2747 1176 2785 me

29 2880 33 2889 ,
66 2807 138 2866 Νθυ·
155 2829 181 2867 a·
202 2807 265 2865 695
277 2829 334 2883 scis
352 2828 505 2896 scripsisse
523 2823 562 2880 ad
582 2831 615 2881 te
635 2824 674 2880 de
694 2823 835 2880 Varronis
856 2842 928 2894 erga
947 2842 997 2879 me
1018 2823 1125 2894 officio,
1143 2831 1176 2881 te

277 2921 316 2980 ad
330 2941 380 2979 me
401 2924 587 2992 rescripsisse
610 2939 677 2977 eam
699 2938 764 2976 rem
787 2937 922 2976 summae
945 2919 1003 2975 tibi
1026 2918 1177 2990 voluptati

278 3037 351 3077 esse.
390 3016 452 3076 Sed
466 3037 524 3088 ego
538 3015 661 3072 mallem
675 3015 714 3072 ad
728 3014 815 3071 illum
825 3017 993 3093 scripsisses
1002 3013 1078 3070 mihi
1089 3014 1178 3072 illum

304 3114 311 3142 ¹
329 3130 364 3163 ea
375 3114 486 3178 inquam
499 3114 533 3162 M
537 3111 544 3140 ¹
555 3130 562 3170 ς
580 3128 641 3162 eam
653 3113 737 3224 quam⁴
746 3108 813 3225 ζὴ
831 3126 873 3170 ea,
888 3126 921 3160 ea
933 3110 1053 3175 inquam,
1068 3126 1151 3173 quam

687 3193 754 3241 yrre
773 3211 781 3225 .

365 3261 422 3321 192
