2480 3862
435 258 606 320 MARCUS
627 257 810 319 TULLIUS
832 258 982 318 CICERO

261 402 399 441 mensem
413 387 665 454 consumpsissem
679 370 785 454 (atque
799 385 917 440 utinum
931 386 963 440 in
982 384 1073 454 pace!
1096 403 1158 440 ma·

259 511 356 562 gnum
375 494 458 549 enim
474 490 589 548 bellum
608 490 759 563 inpendet
772 510 790 546 a
806 470 947 561 Parthis),
968 489 1159 562 Quinctilem

260 604 293 656 in
312 599 414 657 reditu
433 618 556 671 ponere.
600 599 732 657 Annuae
753 603 837 657 enim
856 599 932 656 mihi
950 618 1062 671 operae
1085 620 1111 657 a.
1128 600 1156 658 d.

260 725 293 764 111
310 706 376 765 Kal.
393 706 499 767 Sextii.
517 714 700 765 emerentur.
741 707 854 777 Magna
867 711 1014 765 autemin
1024 727 1081 779 spe
1092 727 1158 766 sum

259 815 334 872 mihi
349 815 426 872 nihil
440 819 586 887 temporis
606 823 803 887 prorogatum
822 818 867 872 iri
912 815 1077 876 Habebam
1091 824 1159 874 acta
1225 878 1226 905 3

259 923 374 982 urbana
388 943 482 996 usque
497 924 537 982 ad
551 923 654 981 Nonas
670 924 811 992 Martias3
832 943 850 981 e
865 924 973 996 quibus
994 924 1159 996 intellege·

259 1033 329 1091 bam
351 1032 488 1091 Curionis
508 1036 605 1090 nostri
624 1036 795 1092 constantia
813 1036 915 1090 omnia
932 1036 1034 1104 potius
1056 1041 1161 1092 actum

259 1145 295 1198 iri
309 1161 400 1213 quam
414 1140 454 1199 de
469 1144 638 1213 provinciis.
684 1140 775 1211 Ergo,
790 1148 825 1198 ut
845 1160 942 1212 spere,
957 1160 1053 1212 prope
1076 1141 1161 1200 diem

259 1257 291 1308 te
306 1250 424 1308 videbo.

302 1358 400 1416 Venio
419 1358 459 1416 ad
473 1357 602 1416 Brutum
616 1365 714 1428 tuum,
728 1362 822 1415 immo
835 1364 991 1427 nostrum3
1012 1362 1055 1416 sic
1076 1364 1161 1417 enim

259 1470 361 1524 mavis.
406 1465 557 1538 Equidem
571 1469 673 1524 omnia
687 1465 756 1536 feci,
770 1485 848 1537 quae
869 1469 954 1536 potui
974 1473 1027 1523 aut
1041 1470 1076 1523 in
1090 1487 1161 1526 mea

258 1578 412 1646 provincia
436 1574 581 1646 perficere
605 1581 658 1631 aut
682 1577 714 1630 in
743 1593 839 1644 regno
868 1578 1006 1645 experiri.
1064 1575 1160 1634 Omni

257 1687 351 1754 igitur
364 1682 456 1740 modo
470 1687 520 1753 egi
535 1702 604 1740 cum
618 1701 691 1753 rege
707 1689 740 1740 et
755 1701 813 1752 ago
833 1682 945 1740 cotidie
962 1701 1017 1753 per
1037 1682 1159 1742 litteras
1177 1706 1180 1711 ·

258 1792 381 1849 scilicet.
420 1790 524 1862 Ipsum
536 1795 618 1848 enim
632 1790 767 1848 triduum
781 1789 1020 1860 quadriduumve
1034 1810 1161 1851 mecum
1225 1816 1226 1855 i

257 1898 349 1956 habui
364 1898 548 1956 turbulentis
563 1903 596 1955 in
606 1899 706 1968 rebus,
721 1898 829 1968 quibus
844 1918 916 1955 eum
931 1897 1065 1956 liberavi.
1096 1899 1159 1958 Sed

258 2014 291 2064 et
313 2014 381 2064 tum
402 2020 544 2078 praesens
562 2014 595 2063 et
617 2013 724 2077 postea
749 2006 938 2064 creberrimis
961 2005 1074 2064 litteris
1094 2028 1158 2066 non

258 2114 364 2173 destiti
378 2134 484 2185 rogare
500 2109 532 2172 et
546 2121 653 2185 petere
664 2133 733 2171 mea
744 2133 842 2184 causa,
851 2113 978 2172 suadere
993 2122 1028 2172 et
1042 2113 1160 2174 hortari

258 2242 318 2280 sua.
364 2222 499 2280 Multum
513 2221 638 2293 profeci,
654 2220 709 2278 sed
724 2222 884 2293 quantum,¹
892 2240 954 2278 non
968 2221 1072 2293 plane,
1087 2228 1160 2295 quia

257 2331 349 2402 longe
363 2332 478 2400 absum,
494 2335 563 2421 scio.
610 2329 786 2389 Salaminios
801 2337 905 2387 autem
920 2317 988 2398 (hos
1004 2335 1089 2388 enim
1104 2352 1158 2404 po-

257 2447 355 2498 teram
384 2427 538 2507 eo'e'rcere)
565 2438 688 2508 adduxi,
711 2446 747 2495 ut
771 2445 872 2495 totum
895 2457 1008 2496 nomen
1034 2439 1159 2512 Scaptio

256 2547 373 2605 vellent
402 2546 527 2617 solvere,
554 2546 608 2604 sed
637 2550 811 2603 centesimis
839 2545 939 2614 ductis
964 2566 982 2602 a
1010 2567 1160 2619 proxuma

256 2653 1160 2728 quidemsyngraphaneeperpetuis‚sedrenovatisquotan-

256 2768 311 2821 nis.
356 2763 603 2848 Numerabantur
627 2766 763 2820 nummi:
793 2762 893 2820 noluit
916 2761 1066 2835 Scaptius.
1112 2764 1160 2823 Tu

256 2876 371 2943 quiuis
392 2871 519 2929 Brutum
544 2890 655 2941 cupere
675 2869 790 2942 aliquid
813 2869 962 2941 perdere?
984 2869 1160 2942 Quaternos

255 2980 389 3038 habebat
411 2983 443 3036 in
466 2978 645 3050 syngrapha.
697 2977 777 3035 Fieri
800 2998 864 3035 non
884 2985 1016 3050 poterat,
1040 3000 1111 3051 nec,
1135 2984 1161 3038 si

256 3096 368 3160 posset,
389 3106 448 3158 ego
467 3091 531 3158 pati
553 3105 679 3157 possem.
725 3085 826 3144 Audio
851 3090 975 3144 omnino
999 3087 1160 3160 Scaptium

340 3219 399 3271 448
