<?xml version="1.0" encoding="UTF-8"?>
<!DOCTYPE html PUBLIC "-//W3C//DTD XHTML 1.0 Transitional//EN"
    "http://www.w3.org/TR/xhtml1/DTD/xhtml1-transitional.dtd">
<html xmlns="http://www.w3.org/1999/xhtml" xml:lang="en" lang="en">
 <head>
  <title>
</title>
<meta http-equiv="Content-Type" content="text/html;charset=utf-8" />
  <meta name='ocr-system' content='tesseract 3.04.00' />
  <meta name='ocr-capabilities' content='ocr_page ocr_carea ocr_par ocr_line ocrx_word'/>
</head>
<body>
  <div class='ocr_page' id='page_1' title='image "./letterstoatticu00winsgoog_0259.png"; bbox 0 0 2498 3850; ppageno 0'>
   <div class='ocr_carea' id='block_1_1' title="bbox 438 271 1100 332">
    <p class='ocr_par' dir='ltr' id='par_1_1' title="bbox 438 271 1100 332">
     <span class='ocr_line' id='line_1_1' title="bbox 438 271 1100 332; baseline -0.003 -2"><span class='ocrx_word' id='word_1_1' title='bbox 438 271 609 331; x_wconf 81' lang='lat' dir='ltr'>MARCUS</span> <span class='ocrx_word' id='word_1_2' title='bbox 629 272 812 332; x_wconf 88' lang='lat' dir='ltr'><strong>TULLIUS</strong></span> <span class='ocrx_word' id='word_1_3' title='bbox 834 271 984 332; x_wconf 86' lang='lat' dir='ltr'>CICERO</span> <span class='ocrx_word' id='word_1_4' title='bbox 1090 314 1100 328; x_wconf 81' lang='grc'><em>,</em></span> 
     </span>
    </p>
   </div>
   <div class='ocr_carea' id='block_1_2' title="bbox 133 386 1158 1891">
    <p class='ocr_par' dir='ltr' id='par_1_2' title="bbox 133 386 1158 1507">
     <span class='ocr_line' id='line_1_2' title="bbox 133 386 1153 465; baseline 0.001 -14"><span class='ocrx_word' id='word_1_5' title='bbox 133 386 136 395; x_wconf 71' lang='grc'><em>’</em></span> <span class='ocrx_word' id='word_1_6' title='bbox 213 412 217 423; x_wconf 70' lang='grc'><strong>’</strong></span> <span class='ocrx_word' id='word_1_7' title='bbox 261 401 329 451; x_wconf 88' lang='lat' dir='ltr'><strong>tuas</strong></span> <span class='ocrx_word' id='word_1_8' title='bbox 344 393 383 451; x_wconf 91' lang='lat' dir='ltr'><strong>ad</strong></span> <span class='ocrx_word' id='word_1_9' title='bbox 400 414 500 451; x_wconf 91' lang='lat' dir='ltr'><strong>meam</strong></span> <span class='ocrx_word' id='word_1_10' title='bbox 514 393 644 452; x_wconf 90' lang='lat' dir='ltr'><strong>salutem</strong></span> <span class='ocrx_word' id='word_1_11' title='bbox 658 394 818 465; x_wconf 89' lang='lat' dir='ltr'><strong>polliceris,</strong></span> <span class='ocrx_word' id='word_1_12' title='bbox 833 402 869 453; x_wconf 93' lang='lat' dir='ltr'><strong>ut</strong></span> <span class='ocrx_word' id='word_1_13' title='bbox 883 395 1022 452; x_wconf 89' lang='lat' dir='ltr'><strong>omnibus</strong></span> <span class='ocrx_word' id='word_1_14' title='bbox 1036 395 1153 452; x_wconf 85' lang='lat' dir='ltr'><strong>rebusa</strong></span> 
     </span>
     <span class='ocr_line' id='line_1_3' title="bbox 261 490 1153 562; baseline 0.001 -15"><span class='ocrx_word' id='word_1_15' title='bbox 261 497 294 547; x_wconf 89' lang='lat' dir='ltr'><strong>te</strong></span> <span class='ocrx_word' id='word_1_16' title='bbox 311 497 433 560; x_wconf 92' lang='lat' dir='ltr'><strong>praeter</strong></span> <span class='ocrx_word' id='word_1_17' title='bbox 450 498 567 548; x_wconf 90' lang='lat' dir='ltr'><strong>ceteros</strong></span> <span class='ocrx_word' id='word_1_18' title='bbox 584 494 679 562; x_wconf 90' lang='lat' dir='ltr'><strong>iuver,</strong></span> <span class='ocrx_word' id='word_1_19' title='bbox 693 490 726 548; x_wconf 94' lang='lat' dir='ltr'><strong>id</strong></span> <span class='ocrx_word' id='word_1_20' title='bbox 743 498 891 561; x_wconf 86' lang='lat' dir='ltr'><strong>quantum</strong></span> <span class='ocrx_word' id='word_1_21' title='bbox 908 495 948 548; x_wconf 90' lang='lat' dir='ltr'><strong>sit</strong></span> <span class='ocrx_word' id='word_1_22' title='bbox 965 490 1153 562; x_wconf 81' lang='lat' dir='ltr'><strong>praesidium,</strong></span> 
     </span>
     <span class='ocr_line' id='line_1_4' title="bbox 261 585 1154 658; baseline 0.002 -16"><span class='ocrx_word' id='word_1_23' title='bbox 261 585 350 643; x_wconf 88' lang='lat' dir='ltr'><strong>video</strong></span> <span class='ocrx_word' id='word_1_24' title='bbox 370 586 578 658; x_wconf 83' lang='lat' dir='ltr'><strong>intellegoque</strong></span> <span class='ocrx_word' id='word_1_25' title='bbox 598 594 631 644; x_wconf 94' lang='lat' dir='ltr'><strong>te</strong></span> <span class='ocrx_word' id='word_1_26' title='bbox 650 586 761 644; x_wconf 87' lang='lat' dir='ltr'><strong>multas</strong></span> <span class='ocrx_word' id='word_1_27' title='bbox 779 594 881 658; x_wconf 87' lang='lat' dir='ltr'><strong>partes</strong></span> <span class='ocrx_word' id='word_1_28' title='bbox 898 606 985 645; x_wconf 88' lang='lat' dir='ltr'><strong>meae</strong></span> <span class='ocrx_word' id='word_1_29' title='bbox 1002 585 1106 644; x_wconf 89' lang='lat' dir='ltr'><strong>salutis</strong></span> <span class='ocrx_word' id='word_1_30' title='bbox 1123 594 1154 644; x_wconf 90' lang='lat' dir='ltr'><strong>et</strong></span> 
     </span>
     <span class='ocr_line' id='line_1_5' title="bbox 261 679 1153 754; baseline 0.002 -16"><span class='ocrx_word' id='word_1_31' title='bbox 261 685 412 752; x_wconf 88' lang='lat' dir='ltr'><strong>suscipere</strong></span> <span class='ocrx_word' id='word_1_32' title='bbox 438 690 471 740; x_wconf 97' lang='lat' dir='ltr'><strong>et</strong></span> <span class='ocrx_word' id='word_1_33' title='bbox 495 701 583 754; x_wconf 88' lang='lat' dir='ltr'><strong>posse</strong></span> <span class='ocrx_word' id='word_1_34' title='bbox 608 686 768 754; x_wconf 86' lang='lat' dir='ltr'><strong>sustinere,</strong></span> <span class='ocrx_word' id='word_1_35' title='bbox 793 702 903 753; x_wconf 89' lang='lat' dir='ltr'><strong>neque,</strong></span> <span class='ocrx_word' id='word_1_36' title='bbox 927 690 963 740; x_wconf 90' lang='lat' dir='ltr'><strong>ut</strong></span> <span class='ocrx_word' id='word_1_37' title='bbox 987 685 1030 740; x_wconf 83' lang='lat' dir='ltr'><strong>ita</strong></span> <span class='ocrx_word' id='word_1_38' title='bbox 1055 679 1153 752; x_wconf 83' lang='lat' dir='ltr'><strong>facias,</strong></span> 
     </span>
     <span class='ocr_line' id='line_1_6' title="bbox 260 777 1153 849; baseline 0 -14"><span class='ocrx_word' id='word_1_39' title='bbox 260 777 429 848; x_wconf 79' lang='lat' dir='ltr'><strong>rogandum</strong></span> <span class='ocrx_word' id='word_1_40' title='bbox 446 797 520 836; x_wconf 91' lang='lat' dir='ltr'><strong>esse.</strong></span> <span class='ocrx_word' id='word_1_41' title='bbox 565 777 657 849; x_wconf 84' lang='lat' dir='ltr'><strong>Quod</strong></span> <span class='ocrx_word' id='word_1_42' title='bbox 673 799 723 836; x_wconf 93' lang='lat' dir='ltr'><strong>me</strong></span> <span class='ocrx_word' id='word_1_43' title='bbox 738 786 822 836; x_wconf 89' lang='lat' dir='ltr'><strong>vetas</strong></span> <span class='ocrx_word' id='word_1_44' title='bbox 836 782 997 849; x_wconf 86' lang='lat' dir='ltr'><strong>quicquam</strong></span> <span class='ocrx_word' id='word_1_45' title='bbox 1014 781 1153 849; x_wconf 87' lang='lat' dir='ltr'><strong>suspicari</strong></span> 
     </span>
     <span class='ocr_line' id='line_1_7' title="bbox 260 873 1153 945; baseline 0.001 -15"><span class='ocrx_word' id='word_1_46' title='bbox 260 873 404 931; x_wconf 89' lang='lat' dir='ltr'><strong>accidisse</strong></span> <span class='ocrx_word' id='word_1_47' title='bbox 421 873 461 931; x_wconf 91' lang='lat' dir='ltr'><strong>ad</strong></span> <span class='ocrx_word' id='word_1_48' title='bbox 477 877 612 931; x_wconf 90' lang='lat' dir='ltr'><strong>animum</strong></span> <span class='ocrx_word' id='word_1_49' title='bbox 630 881 728 944; x_wconf 91' lang='lat' dir='ltr'><strong>tuum,</strong></span> <span class='ocrx_word' id='word_1_50' title='bbox 742 874 824 944; x_wconf 92' lang='lat' dir='ltr'><strong>quod</strong></span> <span class='ocrx_word' id='word_1_51' title='bbox 842 893 927 931; x_wconf 89' lang='lat' dir='ltr'><strong>secus</strong></span> <span class='ocrx_word' id='word_1_52' title='bbox 941 894 960 930; x_wconf 93' lang='lat' dir='ltr'><strong>a</strong></span> <span class='ocrx_word' id='word_1_53' title='bbox 972 894 1023 932; x_wconf 91' lang='lat' dir='ltr'><strong>me</strong></span> <span class='ocrx_word' id='word_1_54' title='bbox 1038 894 1110 945; x_wconf 78' lang='lat' dir='ltr'><strong>erga</strong></span> <span class='ocrx_word' id='word_1_55' title='bbox 1121 881 1153 931; x_wconf 88' lang='lat' dir='ltr'><strong>te</strong></span> 
     </span>
     <span class='ocr_line' id='line_1_8' title="bbox 261 969 1154 1041; baseline 0.001 -15"><span class='ocrx_word' id='word_1_56' title='bbox 261 973 452 1027; x_wconf 92' lang='lat' dir='ltr'><strong>commissum</strong></span> <span class='ocrx_word' id='word_1_57' title='bbox 469 977 523 1027; x_wconf 88' lang='lat' dir='ltr'><strong>aut</strong></span> <span class='ocrx_word' id='word_1_58' title='bbox 540 974 785 1041; x_wconf 88' lang='lat' dir='ltr'><strong>praetermissum</strong></span> <span class='ocrx_word' id='word_1_59' title='bbox 799 969 964 1040; x_wconf 84' lang='lat' dir='ltr'><strong>videretur,</strong></span> <span class='ocrx_word' id='word_1_60' title='bbox 978 990 1082 1041; x_wconf 77' lang='lat' dir='ltr'><strong>geram</strong></span> <span class='ocrx_word' id='word_1_61' title='bbox 1100 970 1154 1027; x_wconf 89' lang='lat' dir='ltr'><strong>tibi</strong></span> 
     </span>
     <span class='ocr_line' id='line_1_9' title="bbox 259 1064 1155 1136; baseline 0 -14"><span class='ocrx_word' id='word_1_62' title='bbox 259 1085 375 1123; x_wconf 93' lang='lat' dir='ltr'><strong>morem</strong></span> <span class='ocrx_word' id='word_1_63' title='bbox 401 1073 433 1123; x_wconf 91' lang='lat' dir='ltr'><strong>et</strong></span> <span class='ocrx_word' id='word_1_64' title='bbox 457 1065 608 1123; x_wconf 89' lang='lat' dir='ltr'><strong>liberabor</strong></span> <span class='ocrx_word' id='word_1_65' title='bbox 632 1069 690 1122; x_wconf 86' lang='lat' dir='ltr'><strong>ista</strong></span> <span class='ocrx_word' id='word_1_66' title='bbox 714 1085 794 1136; x_wconf 90' lang='lat' dir='ltr'><strong>cura,</strong></span> <span class='ocrx_word' id='word_1_67' title='bbox 817 1066 874 1123; x_wconf 89' lang='lat' dir='ltr'><strong>tibi</strong></span> <span class='ocrx_word' id='word_1_68' title='bbox 899 1073 1003 1123; x_wconf 90' lang='lat' dir='ltr'><strong>tamen</strong></span> <span class='ocrx_word' id='word_1_69' title='bbox 1028 1085 1065 1123; x_wconf 89' lang='lat' dir='ltr'><strong>eo</strong></span> <span class='ocrx_word' id='word_1_70' title='bbox 1089 1064 1155 1136; x_wconf 89' lang='lat' dir='ltr'><strong>plus</strong></span> 
     </span>
     <span class='ocr_line' id='line_1_10' title="bbox 260 1155 1156 1232; baseline 0 -14"><span class='ocrx_word' id='word_1_71' title='bbox 260 1161 390 1232; x_wconf 87' lang='lat' dir='ltr'><strong>debebo,</strong></span> <span class='ocrx_word' id='word_1_72' title='bbox 413 1181 473 1232; x_wconf 92' lang='lat' dir='ltr'><strong>quo</strong></span> <span class='ocrx_word' id='word_1_73' title='bbox 496 1155 550 1219; x_wconf 78' lang='lat' dir='ltr'><strong>tua</strong></span> <span class='ocrx_word' id='word_1_74' title='bbox 572 1165 604 1217; x_wconf 95' lang='lat' dir='ltr'><strong>in</strong></span> <span class='ocrx_word' id='word_1_75' title='bbox 628 1180 679 1218; x_wconf 93' lang='lat' dir='ltr'><strong>me</strong></span> <span class='ocrx_word' id='word_1_76' title='bbox 701 1158 873 1218; x_wconf 70' lang='lat' dir='ltr'><strong>humanitas</strong></span> <span class='ocrx_word' id='word_1_77' title='bbox 896 1160 989 1219; x_wconf 86' lang='lat' dir='ltr'><strong>fuerit</strong></span> <span class='ocrx_word' id='word_1_78' title='bbox 1012 1161 1156 1219; x_wconf 84' lang='lat' dir='ltr'><strong>excelsior</strong></span> 
     </span>
     <span class='ocr_line' id='line_1_11' title="bbox 260 1256 1156 1330; baseline 0 -15"><span class='ocrx_word' id='word_1_79' title='bbox 260 1276 351 1328; x_wconf 91' lang='lat' dir='ltr'><strong>quam</strong></span> <span class='ocrx_word' id='word_1_80' title='bbox 365 1261 397 1314; x_wconf 92' lang='lat' dir='ltr'><strong>in</strong></span> <span class='ocrx_word' id='word_1_81' title='bbox 411 1266 444 1316; x_wconf 94' lang='lat' dir='ltr'><strong>te</strong></span> <span class='ocrx_word' id='word_1_82' title='bbox 455 1277 531 1315; x_wconf 87' lang='lat' dir='ltr'><strong>mea.</strong></span> <span class='ocrx_word' id='word_1_83' title='bbox 569 1257 679 1329; x_wconf 91' lang='lat' dir='ltr'><strong>Velim,</strong></span> <span class='ocrx_word' id='word_1_84' title='bbox 690 1257 764 1327; x_wconf 89' lang='lat' dir='ltr'><strong>quid</strong></span> <span class='ocrx_word' id='word_1_85' title='bbox 774 1257 886 1328; x_wconf 87' lang='lat' dir='ltr'><strong>videas,</strong></span> <span class='ocrx_word' id='word_1_86' title='bbox 897 1257 971 1328; x_wconf 92' lang='lat' dir='ltr'><strong>quid</strong></span> <span class='ocrx_word' id='word_1_87' title='bbox 985 1256 1156 1330; x_wconf 81' lang='lat' dir='ltr'><strong>intellegas,</strong></span> 
     </span>
     <span class='ocr_line' id='line_1_12' title="bbox 260 1338 1158 1430; baseline 0.002 -20"><span class='ocrx_word' id='word_1_88' title='bbox 260 1338 334 1423; x_wconf 90' lang='lat' dir='ltr'><strong>quid</strong></span> <span class='ocrx_word' id='word_1_89' title='bbox 348 1361 465 1424; x_wconf 82' lang='lat' dir='ltr'>agatur,</span> <span class='ocrx_word' id='word_1_90' title='bbox 475 1353 515 1410; x_wconf 87' lang='lat' dir='ltr'><strong>ad</strong></span> <span class='ocrx_word' id='word_1_91' title='bbox 529 1373 578 1411; x_wconf 93' lang='lat' dir='ltr'><strong>me</strong></span> <span class='ocrx_word' id='word_1_92' title='bbox 593 1354 712 1430; x_wconf 70' lang='lat' dir='ltr'><strong>scribas,</strong></span> <span class='ocrx_word' id='word_1_93' title='bbox 718 1361 847 1424; x_wconf 88' lang='lat' dir='ltr'><strong>tuosque</strong></span> <span class='ocrx_word' id='word_1_94' title='bbox 858 1373 963 1411; x_wconf 89' lang='lat' dir='ltr'><strong>omnes</strong></span> <span class='ocrx_word' id='word_1_95' title='bbox 973 1353 1013 1411; x_wconf 85' lang='lat' dir='ltr'><strong>ad</strong></span> <span class='ocrx_word' id='word_1_96' title='bbox 1023 1362 1158 1412; x_wconf 85' lang='lat' dir='ltr'><strong>nostram</strong></span> 
     </span>
     <span class='ocr_line' id='line_1_13' title="bbox 260 1448 573 1507; baseline 0 -1"><span class='ocrx_word' id='word_1_97' title='bbox 260 1449 390 1507; x_wconf 90' lang='lat' dir='ltr'><strong>salutem</strong></span> <span class='ocrx_word' id='word_1_98' title='bbox 403 1448 573 1507; x_wconf 77' lang='lat' dir='ltr'><strong>adhortare.</strong></span> 
     </span>
    </p>

    <p class='ocr_par' dir='ltr' id='par_1_3' title="bbox 260 1544 1158 1891">
     <span class='ocr_line' id='line_1_14' title="bbox 303 1544 1158 1616; baseline 0.001 -14"><span class='ocrx_word' id='word_1_99' title='bbox 303 1545 431 1616; x_wconf 78' lang='lat' dir='ltr'><strong>Rogatio</strong></span> <span class='ocrx_word' id='word_1_100' title='bbox 456 1545 536 1604; x_wconf 91' lang='lat' dir='ltr'><strong>Sesti</strong></span> <span class='ocrx_word' id='word_1_101' title='bbox 564 1564 665 1616; x_wconf 90' lang='lat' dir='ltr'><strong>neque</strong></span> <span class='ocrx_word' id='word_1_102' title='bbox 690 1544 848 1616; x_wconf 78' lang='lat' dir='ltr'><strong>dignitatis</strong></span> <span class='ocrx_word' id='word_1_103' title='bbox 876 1549 949 1603; x_wconf 88' lang='lat' dir='ltr'><strong>satis</strong></span> <span class='ocrx_word' id='word_1_104' title='bbox 976 1544 1072 1603; x_wconf 93' lang='lat' dir='ltr'><strong>habet</strong></span> <span class='ocrx_word' id='word_1_105' title='bbox 1099 1556 1158 1603; x_wconf 86' lang='lat' dir='ltr'><strong>nec</strong></span> 
     </span>
     <span class='ocr_line' id='line_1_15' title="bbox 261 1639 1158 1711; baseline 0.001 -13"><span class='ocrx_word' id='word_1_106' title='bbox 261 1644 415 1698; x_wconf 89' lang='lat' dir='ltr'><strong>cautionis.</strong></span> <span class='ocrx_word' id='word_1_107' title='bbox 461 1641 540 1698; x_wconf 91' lang='lat' dir='ltr'><strong>Nam</strong></span> <span class='ocrx_word' id='word_1_108' title='bbox 564 1648 597 1698; x_wconf 96' lang='lat' dir='ltr'><strong>et</strong></span> <span class='ocrx_word' id='word_1_109' title='bbox 620 1644 799 1697; x_wconf 89' lang='lat' dir='ltr'><strong>nominatim</strong></span> <span class='ocrx_word' id='word_1_110' title='bbox 822 1639 894 1698; x_wconf 87' lang='lat' dir='ltr'><strong>ferri</strong></span> <span class='ocrx_word' id='word_1_111' title='bbox 917 1648 1039 1711; x_wconf 90' lang='lat' dir='ltr'><strong>oportet</strong></span> <span class='ocrx_word' id='word_1_112' title='bbox 1062 1648 1095 1698; x_wconf 89' lang='lat' dir='ltr'><strong>et</strong></span> <span class='ocrx_word' id='word_1_113' title='bbox 1117 1641 1158 1699; x_wconf 91' lang='lat' dir='ltr'><strong>de</strong></span> 
     </span>
     <span class='ocr_line' id='line_1_16' title="bbox 260 1735 1156 1808; baseline 0 -14"><span class='ocrx_word' id='word_1_114' title='bbox 260 1736 346 1794; x_wconf 90' lang='lat' dir='ltr'><strong>bonis</strong></span> <span class='ocrx_word' id='word_1_115' title='bbox 369 1736 547 1808; x_wconf 79' lang='lat' dir='ltr'><strong>diligentius</strong></span> <span class='ocrx_word' id='word_1_116' title='bbox 573 1737 671 1806; x_wconf 89' lang='lat' dir='ltr'><strong>scribi,</strong></span> <span class='ocrx_word' id='word_1_117' title='bbox 697 1743 730 1793; x_wconf 94' lang='lat' dir='ltr'><strong>et</strong></span> <span class='ocrx_word' id='word_1_118' title='bbox 754 1735 787 1793; x_wconf 94' lang='lat' dir='ltr'><strong>id</strong></span> <span class='ocrx_word' id='word_1_119' title='bbox 811 1736 1033 1795; x_wconf 79' lang='lat' dir='ltr'><strong>animadvertas</strong></span> <span class='ocrx_word' id='word_1_120' title='bbox 1055 1736 1156 1795; x_wconf 87' lang='lat' dir='ltr'><strong>velim.</strong></span> 
     </span>
     <span class='ocr_line' id='line_1_17' title="bbox 260 1831 936 1891; baseline 0.001 -3"><span class='ocrx_word' id='word_1_121' title='bbox 260 1831 401 1889; x_wconf 80' lang='lat' dir='ltr'><strong>Datami</strong></span> <span class='ocrx_word' id='word_1_122' title='bbox 416 1833 519 1890; x_wconf 90' lang='lat' dir='ltr'><strong>Nonas</strong></span> <span class='ocrx_word' id='word_1_123' title='bbox 535 1833 684 1891; x_wconf 87' lang='lat' dir='ltr'><strong>Octobres</strong></span> <span class='ocrx_word' id='word_1_124' title='bbox 699 1831 936 1891; x_wconf 79' lang='lat' dir='ltr'><strong>Thessalonicae.</strong></span> 
     </span>
    </p>
   </div>
   <div class='ocr_carea' id='block_1_3' title="bbox 46 2250 1178 2707">
    <p class='ocr_par' dir='ltr' id='par_1_4' title="bbox 46 2250 1178 2707">
     <span class='ocr_line' id='line_1_18' title="bbox 668 2250 744 2310; baseline -0.013 0"><span class='ocrx_word' id='word_1_125' title='bbox 668 2250 744 2310; x_wconf 88' lang='lat' dir='ltr'><strong>XXI</strong></span> 
     </span>
     <span class='ocr_line' id='line_1_19' title="bbox 553 2366 864 2405; baseline -0.003 0"><span class='ocrx_word' id='word_1_126' title='bbox 553 2367 657 2405; x_wconf 76' lang='lat' dir='ltr'><strong>cicaro</strong></span> <span class='ocrx_word' id='word_1_127' title='bbox 678 2366 785 2405; x_wconf 76' lang='lat' dir='ltr'><strong>mico</strong></span> <span class='ocrx_word' id='word_1_128' title='bbox 806 2366 864 2404; x_wconf 65' lang='lat' dir='ltr'><strong>sar„</strong></span> 
     </span>
     <span class='ocr_line' id='line_1_20' title="bbox 46 2442 1163 2517; baseline 0 -14"><span class='ocrx_word' id='word_1_129' title='bbox 46 2454 104 2516; x_wconf 67' lang='lat' dir='ltr'><strong>scr,</strong></span> <span class='ocrx_word' id='word_1_130' title='bbox 126 2458 246 2517; x_wconf 53' lang='lat' dir='ltr'><strong>Thessa.</strong></span> <span class='ocrx_word' id='word_1_131' title='bbox 301 2442 440 2516; x_wconf 74' lang='lat' dir='ltr'><strong>Triginta</strong></span> <span class='ocrx_word' id='word_1_132' title='bbox 459 2445 524 2503; x_wconf 90' lang='lat' dir='ltr'><strong>dies</strong></span> <span class='ocrx_word' id='word_1_133' title='bbox 544 2452 632 2502; x_wconf 90' lang='lat' dir='ltr'><strong>erant</strong></span> <span class='ocrx_word' id='word_1_134' title='bbox 650 2448 718 2515; x_wconf 88' lang='lat' dir='ltr'><strong>ipsi,</strong></span> <span class='ocrx_word' id='word_1_135' title='bbox 738 2463 808 2501; x_wconf 87' lang='lat' dir='ltr'><strong>cum</strong></span> <span class='ocrx_word' id='word_1_136' title='bbox 824 2442 878 2501; x_wconf 88' lang='lat' dir='ltr'><strong>has</strong></span> <span class='ocrx_word' id='word_1_137' title='bbox 899 2443 1009 2502; x_wconf 85' lang='lat' dir='ltr'><strong>dabam</strong></span> <span class='ocrx_word' id='word_1_138' title='bbox 1027 2442 1163 2517; x_wconf 82' lang='lat' dir='ltr'><strong>litteras,</strong></span> 
     </span>
     <span class='ocr_line' id='line_1_21' title="bbox 47 2539 1164 2613; baseline 0 -14"><span class='ocrx_word' id='word_1_139' title='bbox 47 2541 152 2600; x_wconf 72' lang='lat' dir='ltr'><strong>boicae</strong></span> <span class='ocrx_word' id='word_1_140' title='bbox 170 2542 197 2600; x_wconf 87' lang='lat' dir='ltr'><em>V</em></span> <span class='ocrx_word' id='word_1_141' title='bbox 205 2542 243 2600; x_wconf 89' lang='lat' dir='ltr'><strong>K.</strong></span> <span class='ocrx_word' id='word_1_142' title='bbox 259 2562 314 2613; x_wconf 89' lang='lat' dir='ltr'><strong>per</strong></span> <span class='ocrx_word' id='word_1_143' title='bbox 324 2561 399 2613; x_wconf 89' lang='lat' dir='ltr'><strong>quos</strong></span> <span class='ocrx_word' id='word_1_144' title='bbox 413 2541 511 2599; x_wconf 88' lang='lat' dir='ltr'><strong>nullas</strong></span> <span class='ocrx_word' id='word_1_145' title='bbox 525 2561 544 2597; x_wconf 93' lang='lat' dir='ltr'><strong>a</strong></span> <span class='ocrx_word' id='word_1_146' title='bbox 557 2541 641 2598; x_wconf 89' lang='lat' dir='ltr'><strong>vobis</strong></span> <span class='ocrx_word' id='word_1_147' title='bbox 655 2559 839 2611; x_wconf 88' lang='lat' dir='ltr'><strong>acceperam.</strong></span> <span class='ocrx_word' id='word_1_148' title='bbox 885 2539 964 2596; x_wconf 93' lang='lat' dir='ltr'><strong>Mihi</strong></span> <span class='ocrx_word' id='word_1_149' title='bbox 974 2547 1080 2598; x_wconf 89' lang='lat' dir='ltr'><strong>autem</strong></span> <span class='ocrx_word' id='word_1_150' title='bbox 1092 2549 1164 2599; x_wconf 88' lang='lat' dir='ltr'><strong>erat</strong></span> 
     </span>
     <span class='ocr_line' id='line_1_22' title="bbox 47 2623 1178 2707; baseline -0.001 -12"><span class='ocrx_word' id='word_1_151' title='bbox 47 2623 118 2681; x_wconf 63' lang='grc' dir='ltr'><em>Νθυ·</em></span> <span class='ocrx_word' id='word_1_152' title='bbox 138 2646 164 2682; x_wconf 69' lang='grc' dir='ltr'><strong>α·</strong></span> <span class='ocrx_word' id='word_1_153' title='bbox 184 2627 246 2684; x_wconf 78' lang='grc'><strong>696</strong></span> <span class='ocrx_word' id='word_1_154' title='bbox 258 2642 291 2695; x_wconf 92' lang='lat' dir='ltr'><strong>in</strong></span> <span class='ocrx_word' id='word_1_155' title='bbox 305 2642 406 2694; x_wconf 90' lang='lat' dir='ltr'><strong>animo</strong></span> <span class='ocrx_word' id='word_1_156' title='bbox 424 2641 494 2706; x_wconf 92' lang='lat' dir='ltr'><strong>iam,</strong></span> <span class='ocrx_word' id='word_1_157' title='bbox 508 2643 544 2693; x_wconf 88' lang='lat' dir='ltr'><strong>ut</strong></span> <span class='ocrx_word' id='word_1_158' title='bbox 563 2643 654 2693; x_wconf 89' lang='lat' dir='ltr'><strong>antea</strong></span> <span class='ocrx_word' id='word_1_159' title='bbox 673 2635 712 2692; x_wconf 89' lang='lat' dir='ltr'><strong>ad</strong></span> <span class='ocrx_word' id='word_1_160' title='bbox 731 2643 764 2693; x_wconf 96' lang='lat' dir='ltr'><strong>te</strong></span> <span class='ocrx_word' id='word_1_161' title='bbox 784 2638 898 2706; x_wconf 88' lang='lat' dir='ltr'><strong>scripsi,</strong></span> <span class='ocrx_word' id='word_1_162' title='bbox 913 2639 957 2692; x_wconf 97' lang='lat' dir='ltr'><strong>ire</strong></span> <span class='ocrx_word' id='word_1_163' title='bbox 977 2639 1009 2706; x_wconf 89' lang='lat' dir='ltr'><strong>in</strong></span> <span class='ocrx_word' id='word_1_164' title='bbox 1030 2635 1178 2707; x_wconf 88' lang='lat' dir='ltr'><strong>Epirum-</strong></span> 
     </span>
    </p>
   </div>
   <div class='ocr_carea' id='block_1_4' title="bbox 166 2730 1165 3173">
    <p class='ocr_par' dir='ltr' id='par_1_5' title="bbox 257 2730 1165 2997">
     <span class='ocr_line' id='line_1_23' title="bbox 258 2730 1163 2805; baseline -0.002 -14"><span class='ocrx_word' id='word_1_165' title='bbox 258 2741 291 2792; x_wconf 90' lang='lat' dir='ltr'><strong>et</strong></span> <span class='ocrx_word' id='word_1_166' title='bbox 301 2734 344 2791; x_wconf 94' lang='lat' dir='ltr'><strong>ibi</strong></span> <span class='ocrx_word' id='word_1_167' title='bbox 355 2753 477 2790; x_wconf 93' lang='lat' dir='ltr'><strong>omnem</strong></span> <span class='ocrx_word' id='word_1_168' title='bbox 491 2751 593 2789; x_wconf 90' lang='lat' dir='ltr'><strong>casum</strong></span> <span class='ocrx_word' id='word_1_169' title='bbox 603 2735 794 2802; x_wconf 92' lang='lat' dir='ltr'><strong>potissimum</strong></span> <span class='ocrx_word' id='word_1_170' title='bbox 805 2738 989 2802; x_wconf 86' lang='lat' dir='ltr'><strong>exspectare.</strong></span> <span class='ocrx_word' id='word_1_171' title='bbox 1035 2730 1079 2789; x_wconf 91' lang='lat' dir='ltr'><strong>Te</strong></span> <span class='ocrx_word' id='word_1_172' title='bbox 1094 2751 1163 2805; x_wconf 92' lang='lat' dir='ltr'><strong>oro,</strong></span> 
     </span>
     <span class='ocr_line' id='line_1_24' title="bbox 258 2827 1164 2900; baseline -0.003 -13"><span class='ocrx_word' id='word_1_173' title='bbox 258 2837 302 2900; x_wconf 92' lang='lat' dir='ltr'><strong>ut,</strong></span> <span class='ocrx_word' id='word_1_174' title='bbox 318 2834 343 2888; x_wconf 89' lang='lat' dir='ltr'><strong>si</strong></span> <span class='ocrx_word' id='word_1_175' title='bbox 358 2828 432 2899; x_wconf 93' lang='lat' dir='ltr'><strong>quid</strong></span> <span class='ocrx_word' id='word_1_176' title='bbox 447 2832 515 2898; x_wconf 92' lang='lat' dir='ltr'><strong>erit,</strong></span> <span class='ocrx_word' id='word_1_177' title='bbox 530 2827 612 2898; x_wconf 91' lang='lat' dir='ltr'><strong>quod</strong></span> <span class='ocrx_word' id='word_1_178' title='bbox 626 2831 788 2898; x_wconf 84' lang='lat' dir='ltr'><strong>perspicias</strong></span> <span class='ocrx_word' id='word_1_179' title='bbox 802 2845 1024 2898; x_wconf 90' lang='lat' dir='ltr'><strong>quamcumque</strong></span> <span class='ocrx_word' id='word_1_180' title='bbox 1043 2832 1076 2884; x_wconf 92' lang='lat' dir='ltr'><strong>in</strong></span> <span class='ocrx_word' id='word_1_181' title='bbox 1089 2847 1164 2899; x_wconf 85' lang='lat' dir='ltr'><strong>par-</strong></span> 
     </span>
     <span class='ocr_line' id='line_1_25' title="bbox 257 2922 1165 2997; baseline -0.001 -15"><span class='ocrx_word' id='word_1_182' title='bbox 257 2932 332 2997; x_wconf 85' lang='lat' dir='ltr'><strong>tem,</strong></span> <span class='ocrx_word' id='word_1_183' title='bbox 346 2944 437 2996; x_wconf 89' lang='lat' dir='ltr'><strong>quam</strong></span> <span class='ocrx_word' id='word_1_184' title='bbox 452 2923 625 2994; x_wconf 91' lang='lat' dir='ltr'><strong>planissime</strong></span> <span class='ocrx_word' id='word_1_185' title='bbox 639 2922 679 2979; x_wconf 88' lang='lat' dir='ltr'><strong>ad</strong></span> <span class='ocrx_word' id='word_1_186' title='bbox 692 2943 742 2980; x_wconf 93' lang='lat' dir='ltr'><strong>me</strong></span> <span class='ocrx_word' id='word_1_187' title='bbox 757 2923 868 2980; x_wconf 89' lang='lat' dir='ltr'><strong>scribas</strong></span> <span class='ocrx_word' id='word_1_188' title='bbox 888 2929 922 2980; x_wconf 93' lang='lat' dir='ltr'><strong>et</strong></span> <span class='ocrx_word' id='word_1_189' title='bbox 938 2942 1008 2980; x_wconf 91' lang='lat' dir='ltr'><strong>meo</strong></span> <span class='ocrx_word' id='word_1_190' title='bbox 1022 2927 1165 2996; x_wconf 91' lang='lat' dir='ltr'><strong>nomine,</strong></span> 
     </span>
    </p>

    <p class='ocr_par' dir='ltr' id='par_1_6' title="bbox 166 3012 1162 3173">
     <span class='ocr_line' id='line_1_26' title="bbox 166 3012 1162 3090; baseline 0.001 -12"><span class='ocrx_word' id='word_1_191' title='bbox 166 3012 171 3023; x_wconf 79' lang='grc'>’</span> <span class='ocrx_word' id='word_1_192' title='bbox 256 3028 292 3078; x_wconf 94' lang='lat' dir='ltr'><strong>ut</strong></span> <span class='ocrx_word' id='word_1_193' title='bbox 306 3020 421 3090; x_wconf 85' lang='lat' dir='ltr'><strong>scribis,</strong></span> <span class='ocrx_word' id='word_1_194' title='bbox 435 3019 564 3089; x_wconf 88' lang='lat' dir='ltr'><strong>litteras,</strong></span> <span class='ocrx_word' id='word_1_195' title='bbox 579 3019 687 3089; x_wconf 89' lang='lat' dir='ltr'><strong>quibus</strong></span> <span class='ocrx_word' id='word_1_196' title='bbox 701 3018 823 3089; x_wconf 87' lang='lat' dir='ltr'><strong>putabis</strong></span> <span class='ocrx_word' id='word_1_197' title='bbox 842 3037 918 3089; x_wconf 92' lang='lat' dir='ltr'><strong>opus</strong></span> <span class='ocrx_word' id='word_1_198' title='bbox 939 3037 1017 3090; x_wconf 89' lang='lat' dir='ltr'><strong>esse,</strong></span> <span class='ocrx_word' id='word_1_199' title='bbox 1036 3026 1072 3077; x_wconf 94' lang='lat' dir='ltr'><strong>ut</strong></span> <span class='ocrx_word' id='word_1_200' title='bbox 1091 3018 1162 3079; x_wconf 88' lang='lat' dir='ltr'><strong>des.</strong></span> 
     </span>
     <span class='ocr_line' id='line_1_27' title="bbox 258 3113 669 3173; baseline -0.007 0"><span class='ocrx_word' id='word_1_201' title='bbox 258 3115 339 3173; x_wconf 88' lang='lat' dir='ltr'><strong>Data</strong></span> <span class='ocrx_word' id='word_1_202' title='bbox 354 3134 373 3172; x_wconf 91' lang='lat' dir='ltr'>v</span> <span class='ocrx_word' id='word_1_203' title='bbox 389 3114 455 3172; x_wconf 89' lang='lat' dir='ltr'><strong>Kal.</strong></span> <span class='ocrx_word' id='word_1_204' title='bbox 473 3113 669 3171; x_wconf 89' lang='lat' dir='ltr'><strong>Novembres.</strong></span> 
     </span>
    </p>
   </div>
   <div class='ocr_carea' id='block_1_5' title="bbox 339 3229 399 3279">
    <p class='ocr_par' dir='ltr' id='par_1_7' title="bbox 339 3229 399 3279">
     <span class='ocr_line' id='line_1_28' title="bbox 339 3229 399 3279; baseline 0 0"><span class='ocrx_word' id='word_1_205' title='bbox 339 3229 399 3279; x_wconf 70' lang='lat'><strong>242</strong></span> 
     </span>
    </p>
   </div>
   <div class='ocr_carea' id='block_1_6' title="bbox 0 0 1255 3850">
    <p class='ocr_par' dir='ltr' id='par_1_8' title="bbox 0 0 1255 3850">
     <span class='ocr_line' id='line_1_29' title="bbox 0 0 1255 3850; baseline 0 0"><span class='ocrx_word' id='word_1_206' title='bbox 0 0 1255 3850; x_wconf 95' lang='lat' dir='ltr'><strong> </strong></span> 
     </span>
    </p>
   </div>
  </div>
 </body>
</html>
