2484 3854
432 275 602 335 MARCUS
624 275 806 334 TULLIUS
828 273 978 333 CICERO
1024 304 1028 312 ·

258 418 304 469 eo,
322 397 405 456 unde
422 397 579 456 discedere
596 418 659 455 non
678 401 823 469 oportuit,
839 395 1002 468 aliquando
1020 404 1161 454 reverta-

257 526 332 563 mur.

245 614 280 671 ‘ss
300 613 391 685 Quod
415 614 454 672 de
480 613 589 686 Quinti
614 613 715 672 fratris
740 613 870 686 epistula
899 614 1013 684 scribis,
1036 612 1077 670 ad
1105 633 1161 690 me

257 743 377 794 quoque
400 705 460 781 fuit
478 721 588 794 πρόσθε
611 721 691 792 λέων,
716 721 815 782 ὄπιθεν
837 709 926 780 δέ-ι
949 701 1022 793 quid
1045 722 1161 793 dicam,

258 835 376 900 nescio;
390 851 461 888 nam
478 835 522 888 ita
539 831 678 902 deplorat
695 835 799 902 primis
816 832 950 889 versibus
966 834 1160 888 mansionem

259 959 353 1010 suam,
370 948 406 996 ut
424 943 560 1010 quemvis
577 959 698 997 movere
716 943 821 1010 possit,
835 943 879 996 ita
895 958 997 996 rursus
1013 942 1159 1010 remittit,

259 1055 294 1106 ut
318 1068 368 1105 me
393 1055 491 1119 roget,
516 1056 552 1105 ut
575 1047 699 1105 annales
722 1067 790 1105 suos
814 1046 977 1106 emendem
1000 1055 1033 1106 et
1055 1046 1157 1121 edam.

260 1156 341 1213 Illud
355 1164 470 1227 tamen,
485 1156 567 1227 quod
578 1157 692 1227 scribis,
702 1155 924 1215 animadvertas
934 1156 1026 1213 velim
1036 1155 1076 1213 de
1087 1175 1159 1225 por-

259 1268 338 1322 torio
353 1267 628 1332 circumvectionis;
642 1268 686 1321 ait
701 1284 733 1321 se
744 1265 784 1322 de
795 1265 911 1322 consilii
923 1268 1076 1322 sententia
1090 1283 1159 1321 rem
1230 1264 1233 1301 Ὗ

260 1372 299 1429 ad
321 1379 460 1429 senatum
479 1375 627 1429 reiecisse.
673 1372 817 1430 Nondum
838 1373 982 1430 videlicet
1002 1391 1085 1430 meas
1106 1372 1159 1430 lit-

260 1487 341 1537 teras
355 1480 483 1550 legerat,
495 1481 603 1550 quibus
614 1480 654 1537 ad
668 1500 739 1538 eum
754 1501 787 1538 re
801 1482 939 1539 consulta
954 1488 987 1539 et
1001 1457 1160 1551 explorata

259 1591 491 1659 perscripseram
506 1608 569 1644 non
583 1588 696 1646 deberi.
741 1589 851 1660 Velim,
867 1593 891 1647 si
906 1593 958 1660 qui
974 1589 1082 1646 Graeci
1097 1592 1159 1646 iam
1232 1634 1233 1669 ÷

263 1696 387 1752 Romam
407 1716 445 1753 ex
465 1696 537 1753 Asia
556 1694 595 1754 de
615 1716 651 1754 ea
669 1716 757 1754 causa
774 1705 934 1768 venerunt,
954 1696 1056 1755 videas
1074 1706 1117 1767 et,
1133 1701 1159 1755 si

259 1805 316 1862 tibi
331 1804 494 1876 videbitur,
508 1808 544 1862 iis
558 1805 758 1877 demonstres,
774 1806 847 1877 quid
862 1826 920 1877 ego
935 1806 974 1864 de
990 1826 1026 1863 ea
1039 1824 1073 1862 re
1088 1825 1159 1863 sen·
1232 1794 1233 1865 f

259 1916 342 1970 tiam.
388 1912 419 1971 Si
448 1932 569 1984 possum
597 1913 765 1985 discedere,
793 1934 833 1972 ne
862 1934 951 1972 causa
975 1921 1100 1986 optuma
1124 1918 1159 1971 in
1232 1890 1233 1893 Ἴ

260 2028 368 2078 senatu
387 2029 503 2092 pereat,
521 2041 580 2092 ego
599 2026 671 2080 satis
690 2021 799 2079 faciam
817 2022 1000 2094 publicanis;
1021 2019 1045 2079 εἰ
1068 2020 1096 2079 δὲ
1118 2022 1158 2094 μή
1232 2030 1233 2049 ³

261 2116 345 2198 (vere
360 2137 463 2188 tecum
478 2117 607 2201 loquar),
621 2133 654 2187 in
668 2130 725 2187 hac
742 2150 775 2189 re
792 2131 873 2188 malo
890 2135 1047 2189 universae
1065 2130 1158 2190 Asiae
1232 2198 1233 2201 Ἴ

261 2246 294 2295 et
315 2229 570 2308 negotiatoribus}
593 2258 664 2296 nam
687 2258 792 2296 eorum
815 2259 935 2311 quoque
959 2238 1159 2297 vehementer

261 2349 397 2403 interest.
433 2347 503 2403 Hoc
518 2366 576 2417 ego
591 2351 690 2405 sentio
704 2347 792 2406 valde
804 2349 890 2406 nobis
901 2368 976 2420 opus
987 2368 1061 2406 esse.
1096 2347 1159 2406 Sed

261 2461 296 2510 tu
311 2452 343 2509 id
357 2453 481 2511 videbis.
520 2453 704 2526 Quaestores
718 2464 831 2527 autem,
844 2476 965 2528 quaeso,
976 2476 1051 2514 num
1065 2460 1159 2514 etiam

262 2560 301 2619 de
324 2560 495 2632 cistophoro
517 2563 679 2621 dubitant?
723 2565 812 2636 Nam,
836 2569 861 2623 si
883 2564 966 2623 aliud
989 2563 1066 2622 nihil
1089 2570 1160 2637 erit,

262 2689 331 2726 cum
356 2674 467 2728 erimus
492 2675 592 2728 omnia
621 2677 750 2744 experti,
775 2693 833 2745 ego
860 2694 901 2732 ne
930 2673 1007 2731 illud
1035 2673 1159 2744 quidem

262 2786 465 2850 contemnam,
487 2779 569 2850 quod
594 2788 765 2839 extremum
791 2790 846 2840 est.
892 2783 936 2840 Te
961 2786 995 2840 in
1018 2782 1160 2854 Arpmati

262 2886 431 2945 videbimus
455 2895 488 2946 et
510 2887 641 2960 hospitio
664 2894 776 2961 agresti
801 2895 994 2963 accipiemus
1017 2895 1160 2962 quoniam

262 2998 457 3053 maritumum
472 2995 529 3053 hoc
544 3002 762 3068 contempsisti.

259 3191 261 3195 Ι
360 3128 366 3154 ¹
379 3128 447 3176 Iliad
460 3129 494 3188 vi,
512 3128 566 3188 181,
580 3127 683 3191 ending
694 3127 795 3189 δράκων,
808 3128 889 3185 μέσση
902 3128 928 3174 δε
939 3128 1048 3189 χίμαιρα.

350 3228 408 3288 156
