2498 3850
440 306 609 366 MARCUS
630 304 812 365 TULLIUS
834 304 984 367 CICERO

264 450 355 502 quam
369 428 549 499 invidorum,
560 448 600 486 ne
615 436 649 486 et
661 448 765 486 meum
778 446 946 486 maerorem
961 428 1116 497 exeditem
1127 432 1160 483 et

264 521 297 571 te
308 517 341 570 in
355 511 488 570 eundem
501 511 619 570 luctum
632 530 757 580 vocem;
778 510 836 569 hoc
855 509 990 581 adfirmo,
1004 512 1159 567 neminem

264 616 409 668 umquam
436 603 523 654 tanta
551 595 723 655 calamitate
752 614 818 653 esse
850 593 1016 664 adfectum,
1044 596 1160 651 nemini

264 688 395 738 mortem
408 683 504 750 magis
523 678 689 750 optandam
710 678 810 737 fuisse.
856 678 947 736 Cuius
966 675 1160 749 oppetendae

264 771 386 834 tempus
410 762 656 820 honestissimum
679 760 924 834 piaetermissum
938 768 1016 830 'est;
1044 759 1161 831 reliqua

265 855 404 918 tempora
417 854 489 904 sunt
506 865 568 903 non
587 851 648 903 iam
666 845 705 903 ad
723 845 917 916 medicinam,
937 843 991 903 sed
1009 844 1048 901 ad
1068 843 1160 900 finem
1192 864 1198 873 ¹

265 930 383 988 doloris
907 984 916 999 ,

308 1014 356 1071 De
371 1012 539 1085 republica
553 1011 641 1071 video
655 1020 687 1070 te
702 1011 845 1083 colligere
860 1015 961 1069 omnia
979 1030 1057 1082 quae
1072 1018 1163 1082 putes

265 1097 397 1168 aliquam
411 1116 496 1168 spem
507 1096 581 1153 mihi
596 1116 683 1167 posse
694 1094 813 1152 adferre
825 1094 1039 1153 mutandarum
1049 1114 1159 1151 rerum.

266 1179 353 1251 Quae
364 1200 547 1252 quamquam
557 1184 667 1250 exigua
677 1187 759 1250 sunt,
770 1186 885 1249 tamen,
896 1183 1037 1249 quoniam
1049 1176 1162 1249 placet,

266 1272 485 1336 exspectemus.
530 1262 576 1320 Tu
598 1262 694 1319 nihilo
715 1267 825 1333 minus,
847 1267 872 1320 si
899 1266 1077 1333 properaris,
1107 1281 1163 1319 nos

266 1367 450 1417 consequere
462 1367 469 1415 3
484 1367 555 1403 nam
565 1354 619 1404 aut
632 1345 812 1403 accedemus
826 1350 858 1402 in
870 1345 996 1422 Epirum
1009 1353 1063 1413 aut
1073 1344 1163 1402 tarde

266 1450 322 1502 per
346 1430 529 1503 Candaviam
558 1431 675 1505 ibimus.
729 1428 961 1503 Dubitationem
989 1436 1093 1486 autem
1122 1428 1163 1486 de

181 1590 183 1594 Ι
268 1514 360 1585 Epiro
373 1533 436 1571 non
449 1517 653 1571 inconstantia
666 1521 769 1571 nostra
783 1512 952 1583 adferebat,
962 1512 1017 1570 sed
1028 1512 1110 1583 quod
1122 1512 1163 1570 de

267 1597 371 1668 fratre,
386 1598 439 1655 ubi
455 1612 529 1655 'eum
547 1601 639 1655 visuri
658 1616 810 1666 essemus.
820 1596 1048 1664 nesciebamus3
1069 1611 1163 1667 quem

267 1681 391 1752 quidem
407 1701 464 1752 ego
475 1701 533 1738 nec
548 1700 608 1751 quo
622 1679 712 1737 modo
727 1684 842 1738 visurus
861 1699 919 1736 nec
933 1687 969 1737 ut
986 1679 1164 1737 dimissurus

167 1820 170 1825 .
267 1769 335 1837 sim,
349 1769 417 1823 scio.
464 1763 500 1821 ld
515 1772 563 1822 est
576 1768 741 1821 maximum
759 1771 791 1821 et
809 1767 1010 1821 miserrimum
1025 1781 1165 1821 mearum

253 1852 403 1915 ¹omnium
416 1851 610 1906 miseriarum.
656 1848 722 1919 Ego
737 1855 770 1905 et
783 1851 901 1918 saepius
910 1846 954 1903 *ad
971 1854 1004 1904 te
1024 1853 1057 1903 et
1076 1845 1166 1917 plura

267 1933 440 2002 scriberem,
454 1935 512 1989 nisi
534 1931 609 1988 mihi
631 1926 717 1988 dolor
739 1942 825 1988 meus
848 1949 1041 2006 cumuomnes
1060 1938 1166 2001 partes

267 2019 380 2074 mentis
390 2023 458 2074 tum
467 2018 598 2073 maxime
613 2010 702 2072 huius
712 2017 834 2085 generis
845 2013 1023 2071 facultatem
1033 2012 1167 2072 ademis-

268 2107 323 2158 set.
369 2098 480 2157 Videre
494 2106 527 2156 te
543 2102 638 2169 cupio.
684 2098 762 2156 Cura
776 2105 812 2155 ut
825 2096 932 2155 valeas.

311 2182 391 2240 Data
405 2202 448 2254 pr.
467 2182 533 2241 Kal.
551 2182 622 2239 Mai.
640 2180 799 2239 Brundisii.

677 2467 752 2526 Vlll

567 2571 671 2610 c1cuao
685 2571 791 2609 arrico
805 2571 863 2608 sau.

57 2648 115 2707 Ser,
136 2648 255 2707 Thessa.
311 2624 483 2693 Brundisiol
503 2636 694 2707 proficiscens
714 2640 890 2707 scripseram
909 2634 948 2692 ad
968 2641 1011 2706 te,
1031 2655 1105 2707 quas
1125 2637 1170 2715 ob⁴

59 2732 164 2791 &micae
173 2733 226 2790 IV
270 2739 371 2777 causas
397 2724 429 2776 in
454 2720 580 2791 Epirum
604 2739 666 2776 non
696 2739 828 2777 essemus
856 2718 994 2790 profecti,
1021 2718 1103 2790 quod
1132 2728 1166 2777 et

57 2816 94 2873 Κ,
112 2817 174 2874 Iun,
191 2837 217 2874 a·
270 2802 385 2860 Achaia
398 2822 492 2874 prope
507 2811 588 2860 esset
599 2802 690 2874 plena
701 2802 964 2860 audacissimorum
974 2806 1166 2861 inimicorum

57 2901 118 2957 696
270 2895 303 2944 et
317 2891 416 2945 exitus
430 2886 564 2944 difficiles
579 2886 717 2957 haberet,
729 2906 798 2943 cum
812 2886 884 2943 inde
898 2885 1163 2957 proficisceremur.

270 2970 416 3041 Accessit,
432 2990 502 3028 cum
522 2966 671 3041 Dyrrachi
692 2989 835 3040 essemus,
855 2977 890 3027 ut
909 2968 970 3026 duo
989 2973 1090 3029 nuntii
1112 2969 1166 3027 ad·

269 3054 431 3125 ferrentur,
445 3074 523 3111 unus
538 3053 633 3112 classe
647 3053 773 3111 fratrem
787 3052 909 3124 Epheso
924 3051 1072 3123 Athenas,
1087 3053 1167 3111 alter

490 3161 651 3212 ¹Brundisio
662 3161 750 3212 added
759 3161 792 3226 by
806 3160 956 3243 Graevius

353 3271 414 3324 204
