2484 3854
455 270 624 330 MARCUS
646 269 832 339 TULLIUS
850 270 1000 329 CICERO

280 393 396 450 Antoni
406 392 540 451 adventu
550 391 631 463 quod
642 391 782 463 audieris,
791 392 902 450 scribas
912 391 953 450 ad
962 411 1012 450 me
1024 401 1066 463 et,
1077 413 1175 464 quon-

279 517 339 569 iam
353 512 413 570 huc
424 532 486 569 non
497 516 591 582 venis,
603 531 693 569 cenes
707 512 788 584 apud
802 532 857 570 nos
871 516 977 583 utique
992 512 1089 585 pridie
1106 513 1173 571 Kal.

280 633 359 690 Cave
374 633 462 689 aliter
476 631 575 690 facias.
599 632 686 702 Cura,
701 640 737 691 ut
751 633 857 690 valeas.

704 943 751 1001 ΙΙΙ

579 1083 683 1122 01οΕΒο
698 1082 803 1122 ATTICO
818 1082 875 1120 SAL.

68 1191 126 1247 Ser.
141 1191 179 1247 ud
324 1187 466 1257 Primum,
482 1193 516 1243 ut
531 1189 646 1257 opinor,
659 1182 822 1256 εὐαγγέλια.
841 1244 845 1249 ,
868 1183 1005 1242 Valerius
1019 1185 1177 1244 absolutus
1231 1204 1232 1207 ’

68 1273 254 1427 υέἐῗῃὲᾭθᾼ
280 1316 328 1365 est
344 1308 510 1364 Hortensio
521 1305 717 1364 defendente.
743 1304 780 1363 Id
794 1304 938 1363 iudicium
949 1303 1022 1363 Auli
1033 1304 1094 1362 filio
1105 1326 1179 1364 oon-

281 1427 426 1485 donatum
435 1414 1180 1499 putabatur3etIphicratem¹suspicor,utscribiS,

280 1547 423 1604 lascivum
438 1546 537 1604 fuisse.
584 1545 708 1603 Etenim
722 1545 797 1603 mihi
811 1545 925 1616 caligae
941 1550 1005 1604 eius
1020 1554 1053 1604 et
1067 1545 1181 1606 fasciae

282 1675 414 1725 cretatae
443 1686 505 1723 non
533 1666 703 1737 placebant.
749 1664 832 1736 Quid
861 1668 911 1736 sit,
940 1670 1077 1737 sciemus,
1107 1687 1180 1725 cum

280 1791 406 1845 veneris.

323 1910 536 1967 Fenestrarum
554 1911 707 1977 angustias
727 1906 808 1978 quod
830 1906 1038 1978 reprehendis,
1053 1911 1130 1966 scito
1145 1918 1181 1968 te

282 2027 378 2100 Κύρου
392 2026 521 2087 παιδείαν
538 2026 771 2098 reprehendere.
817 2027 905 2098 Nam,
924 2048 993 2085 cum
1015 2046 1072 2099 ego
1094 2029 1181 2088 idem
1229 2018 1231 2081 l

281 2155 358 2208 istuc
383 2150 525 2219 dicerem,
551 2147 646 2218 Cyrus
673 2147 774 2204 aiebat
797 2147 1003 2205 viridariorum
1028 2148 1181 2219 διαφάσεις

281 2271 349 2329 latis
372 2269 536 2327 luminibus
557 2288 619 2324 non
644 2276 707 2325 tani
731 2287 796 2325 esse
818 2287 939 2336 suaves3
965 2273 1080 2326 etenim
1102 2269 1180 2329 ἔσται

281 2398 346 2470 ὄψις
361 2397 443 2469 μὲνὴ
460 2411 489 2460 u,
503 2401 537 2457 rb
558 2397 587 2456 δὲ
608 2398 747 2470 ὁρώμενον
768 2376 799 2470 ᾖ,
816 2406 844 2472 Y,
862 2399 975 2462 ἀκτῖνες
997 2399 1025 2457 δὲ
1044 2379 1065 2459 δ
1084 2401 1133 2459 καὶ
1155 2405 1182 2462 εἶ

282 2519 374 2577 Vides
396 2523 478 2576 enim
500 2528 609 2578 cetera.
654 2522 744 2591 Nam,
758 2525 783 2578 si
806 2519 865 2578 κατ’
881 2519 1004 2579 εἰδώλων
1021 2520 1180 2593 ἐμπτώσεις

281 2639 461 2710 videremus,
489 2640 577 2698 valde
612 2641 785 2698 laborarent
817 2641 920 2699 εἴδωλα
951 2645 983 2699 in
1018 2648 1176 2714 angustiis.

282 2760 371 2817 Nunc
391 2760 425 2818 fit
446 2760 548 2833 lepide
563 2760 615 2818 illa
628 2760 747 2832 ἔκχυσις
762 2761 921 2819 radiorum.
966 2762 1075 2821 Cetera
1089 2768 1114 2821 si
1129 2785 1179 2824 re-

280 2879 487 2952 prehenderis,
502 2899 564 2938 non
584 2880 663 2939 feres
677 2885 814 2952 tacitum,
829 2885 925 2940 nisisi
939 2883 1014 2953 quid
1033 2887 1092 2942 erit
1111 2889 1180 2945 eius

279 2999 371 3069 modi,
386 3001 467 3071 quod
482 3004 547 3058 sine
562 3009 684 3073 sumptu
700 3005 807 3072 corrigi
822 3005 923 3073 possit.

237 3172 239 3177 ,
312 3115 473 3193 ¹Epicrates
484 3117 584 3166 Mss..·
603 3117 755 3181 Iphicrates
769 3117 794 3166 T
786 3119 879 3181 yrrell.

366 3226 423 3276 114
