2512 3958
179 2980 218 3187 l

426 434 596 497 MARCUS
616 435 799 499 TULLIUS
820 438 972 499 CICERO

248 557 1145 635 oprrtere,eodemquetemporeagetpraetoradpopulum.
1254 552 1255 555 ¹

251 652 309 711 lica
324 658 388 713 eius
402 653 485 713 modi
504 663 562 726 est,
578 662 613 713 ut
627 675 685 727 ego
699 675 757 715 nec
777 676 832 729 per
852 658 1000 716 bonorum
1019 679 1078 717 nec
1092 679 1148 731 per

249 749 425 823 popularem
440 754 696 809 existimationem
710 751 839 812 honeste
859 758 971 826 possim
991 754 1147 813 hominem

248 844 426 918 defendere,
441 866 499 905 nec
513 846 588 905 mihi
607 846 712 920 libeat,
732 849 814 921 quod
834 848 881 907 vel
903 855 1068 908 maximum
1088 859 1144 908 est,

250 945 374 1006 Etenim
396 947 507 1007 accidit
536 947 603 1020 hoc,
633 949 714 1022 quod
743 957 843 1009 totum
872 955 957 1009 cuius
985 951 1068 1010 modi
1096 956 1146 1022 sit,

249 1046 361 1106 mando
374 1048 441 1119 tibi,
457 1055 492 1107 ut
506 1053 677 1121 perspicias,
710 1049 868 1109 Libertum
883 1070 941 1122 ego
955 1050 1054 1109 habeo
1073 1070 1146 1109 sane

249 1167 380 1221 nequam
401 1148 565 1221 hominem,
587 1150 729 1209 Hilarum
752 1151 830 1222 dieo,
849 1155 1094 1210 ratiocinatorem
1114 1160 1147 1210 et

248 1248 394 1309 clientem
405 1257 501 1310 tuum.
519 1251 568 1310 De
577 1271 614 1310 eo
625 1252 843 1311 mihiValerius
852 1257 1002 1325 interpres
1014 1256 1146 1324 nuntiat,

248 1349 448 1425 Thyillusque
471 1372 504 1411 se
524 1352 642 1412 audisse
666 1354 770 1413 scribit
792 1337 885 1424 haec,
902 1373 968 1412 esse
991 1352 1146 1411 hominem

248 1472 318 1511 cum
336 1452 487 1523 Antoni03
509 1454 679 1512 Antonium
699 1473 787 1526 porro
801 1458 833 1511 in
848 1453 992 1525 cogendis
1010 1458 1146 1525 pecuniis

248 1552 389 1613 dictitare
406 1563 525 1629 partem
540 1555 615 1613 mihi
630 1559 733 1628 quaeri
749 1561 782 1612 et
795 1574 814 1610 a
827 1574 877 1612 me
892 1553 1050 1612 custodem
1064 1574 1145 1611 com-

248 1660 348 1713 munis
362 1664 506 1729 quaestus
520 1657 664 1714 libertum
679 1674 745 1713 esse
759 1659 892 1712 missum.
915 1654 987 1711 Non
1001 1674 1068 1712 sum
1081 1674 1146 1712 me-

248 1756 391 1816 diocriter
406 1765 575 1816 commotus
596 1775 695 1827 neque
715 1763 820 1813 tamen
840 1754 965 1825 credidi,
985 1754 1041 1812 sed
1061 1762 1145 1813 certe

247 1857 361 1931 aliquid
385 1862 530 1917 sermonis
554 1856 620 1914 fuit,
665 1855 778 1913 Totum
802 1858 962 1926 investiga,
985 1874 1144 1926 cognosce,

248 1962 385 2031 perspice
405 1965 438 2016 et
457 1955 642 2015 nebulonem
661 1952 757 2025 illum,
772 1958 797 2011 si
811 1973 872 2025 quo
891 1962 980 2026 pacto
994 1962 1091 2027 potes,
1106 1974 1144 2012 ex
1249 2018 1251 2021 ¹

247 2062 312 2117 istis
327 2058 400 2116 locis
414 2076 528 2115 amove.
565 2055 665 2112 Huius
680 2058 826 2113 sermonis
837 2053 975 2113 Valerius
988 2062 1144 2112 auctorem

248 2158 301 2218 Cn.
321 2157 476 2216 Plancium
489 2155 673 2213 nominabat.
719 2154 833 2212 Mando
853 2155 910 2212 tibi
924 2154 1015 2227 plane
1032 2162 1142 2227 totum,

248 2264 283 2315 ut
294 2257 394 2316 videas
411 2260 495 2314 cuius
509 2254 591 2312 modi
606 2257 653 2312 sit.

290 2356 466 2428 Pompeium
480 2355 567 2412 nobis
580 2357 794 2412 amicissimum
808 2361 927 2412 constat
941 2373 1015 2412 esse.
1035 2353 1142 2412 Divor-

242 2462 323 2541 ¹tium
336 2455 455 2514 Muciae
468 2455 667 2513 vehementer
677 2455 829 2527 probatur.
855 2454 886 2514 P.
900 2455 1048 2526 Clodium,
1060 2455 1142 2527 Appi

246 2558 278 2627 f.,
294 2556 385 2614 credo
396 2563 428 2613 te
442 2554 562 2613 audisse
577 2575 647 2612 cum
661 2562 746 2613 veste
760 2554 903 2613 muliebri
917 2555 1141 2628 deprehensum

245 2662 328 2721 domi
343 2661 374 2718 C,
392 2661 535 2731 Caesaris,
550 2680 688 2732 cumpro
702 2660 815 2733 populo
829 2661 926 2732 fieret,
942 2681 1072 2732 eumque
1086 2681 1142 2732 per

244 2786 351 2826 manus
371 2766 506 2824 servulae
521 2774 673 2824 servatum
691 2775 724 2825 et
744 2767 904 2836 eductum;
926 2787 991 2825 rem
1010 2786 1075 2824 esse
1095 2771 1140 2825 in-

244 2878 323 2945 signi
338 2872 469 2930 infamia.
494 2871 585 2946 Quod
599 2881 631 2932 te
647 2872 775 2932 moleste
791 2872 870 2932 ferre
883 2882 967 2932 certo
981 2877 1050 2930 scio.

287 2979 378 3051 Quod
394 2987 553 3051 praeterea
565 2980 606 3039 ad
624 2988 657 3038 te
672 2981 810 3051 scribam,
825 3001 887 3038 non
907 2980 1014 3051 habeo,
1030 2988 1063 3039 et
1077 3000 1140 3038 me-

244 3084 369 3144 hercule
384 3104 467 3142 eram
486 3089 518 3142 in
533 3086 692 3171 scribendo
707 3087 921 3144 conturbatior.
967 3086 1046 3142 Nam
1065 3106 1141 3158 puer

244 3191 370 3250 festivus
383 3172 566 3261 anagnostes
585 3200 689 3250 noster
709 3192 866 3251 Sositheus
880 3192 1061 3263 decesserat,
1076 3211 1140 3250 me·

245 3313 304 3365 que
324 3291 496 3365 plusquam
511 3297 588 3350 servi
603 3312 682 3350 mors
697 3292 809 3351 debere
825 3292 993 3363 videbatur,
1008 3312 1139 3350 commo-

329 3401 369 3452 30
