2512 3958
426 249 595 317 MABEUS
617 247 799 317 TULLIUS
821 250 970 317 CICERO

251 384 333 438 mani
360 380 526 438 levissimos
548 399 583 437 ac
605 383 803 450 nequissimos
825 379 989 437 nummulis
1013 383 1151 451 acceptis

250 480 297 533 ius
317 496 353 533 ac
374 475 419 533 fas
441 495 530 533 omne
552 475 655 533 delere
680 483 721 547 et,
740 476 830 546 quod'
843 495 948 532 omnes
971 495 1033 533 non
1055 475 1150 532 modo

251 571 399 642 homines,
411 591 516 629 verum
531 576 624 628 etiam
638 572 770 642 pecudes
785 571 900 628 facturn
915 591 980 629 esse
995 576 1102 641 sciant,
1115 572 1150 629 id

251 666 378 724 Talnam
398 675 430 724 et
455 666 594 724 Plautum
619 674 651 724 et
674 666 838 738 Spongiam
862 675 894 724 et
917 675 1033 725 ceteras
1055 667 1149 724 huius

250 763 333 821 modi
347 763 521 837 quisquilias
535 769 669 820 statuere
684 782 848 833 numquam
860 783 925 820 esse
937 762 1076 821 factumi
1084 762 1148 822 Sed

251 865 365 929 tamen,
380 866 415 916 ut
429 866 461 916 te
477 858 515 915 de
531 858 699 931 republica
713 859 858 930 consoler,
874 879 935 916 non
955 863 1008 930 ita,
1022 866 1057 916 ut
1077 879 1147 933 spe-

238 961 355 1012 rarunt
378 954 460 1024 mali,
482 961 569 1011 tanto
597 958 738 1025 imposito
766 959 811 1012 rei
840 955 979 1026 publicae
1009 955 1146 1025 vulnere,

249 1050 354 1108 alacris
369 1049 502 1108 exsultat
515 1050 691 1121 improbitas
705 1054 738 1107 in
747 1054 879 1108 uetans.
904 1051 983 1108 Nam
997 1050 1087 1121 plane
1103 1054 1148 1108 ita

220 1126 227 1149 ‘
250 1153 444 1219 putaverunt,
459 1165 528 1203 cum
542 1132 658 1216 religio,
673 1166 742 1203 cum
762 1146 916 1217 pudicitia,
932 1166 1001 1204 cum
1020 1146 1146 1204 iudicio·

250 1260 318 1298 rum
332 1241 416 1311 fides,
428 1260 498 1299 cum
512 1248 634 1298 senatus
649 1245 810 1298 auctoritas
825 1242 1015 1312 concidisset,
1031 1240 1095 1299 fore
1110 1249 1147 1299 ut

250 1322 356 1408 aperte
370 1340 478 1394 victrix
501 1339 637 1407 nequitia
659 1357 693 1393 ac
717 1332 811 1394 libido
833 1357 946 1408 poenas
968 1332 1007 1394 ab
1030 1341 1146 1408 optimo

251 1451 371 1503 quoque
382 1439 504 1504 peteret
515 1436 560 1489 sui
571 1430 692 1504 doloriS,
703 1452 794 1502 quem
805 1433 1025 1503 improbissimo
1036 1437 1145 1503 cuique

250 1531 399 1585 inusserat
410 1532 553 1586 severitas
564 1527 736 1585 consulatus
746 1500 843 1598 meif
840 1520 927 1587 Idem
938 1548 995 1599 ego
1006 1527 1058 1585 ille
1069 1516 1145 1597 (non

250 1628 333 1681 enim
343 1623 418 1683 mihi
429 1623 533 1681 videor
543 1623 710 1681 insolenter
720 1623 850 1693 gloriari,
863 1644 932 1680 cum
946 1623 985 1681 de
1000 1643 1049 1680 me
1064 1623 1159 1697 apud

250 1726 283 1777 te
297 1719 413 1790 loquor,
427 1724 460 1777 in
475 1739 511 1776 ea
525 1723 703 1790 praesertim
723 1715 861 1790 epistula,
877 1738 967 1789 quam
988 1719 1058 1776 nolo
1079 1720 1145 1777 aliis

250 1803 326 1885 legi)
354 1814 446 1886 idem,
471 1819 604 1885 inquam,
631 1834 688 1885 ego
713 1819 845 1872 recreavi
869 1814 1005 1872 adflictos
1030 1819 1144 1872 animos

250 1911 397 1968 bonorum
417 1930 511 1968 unum
528 1930 680 1981 quemque
698 1910 1048 1981 confinnans‚exeitans;
1066 1916 1144 1968 inse-
1227 1924 1238 1961 .¹

251 2007 369 2082 ctandis
383 2026 454 2066 vero
470 2006 719 2077 exagitandisque
730 2010 905 2079 nummariis
919 1986 1069 2064 iudicibus
1082 2027 1144 2064 orn-
1237 2004 1238 2019 ¹

251 2122 323 2160 nem
342 2103 481 2160 omnibus
502 2102 643 2161 studiosis
664 2122 699 2158 ac
721 2101 887 2159 fautoribus
896 2151 902 2182 .·
909 2102 988 2160 illius
1003 2107 1144 2160 victoriae

251 2182 415 2268 παρρησίαν
432 2202 538 2269 eripui,
555 2197 694 2255 Pisonem
712 2198 867 2255 consulem
878 2199 961 2255 nulla
975 2203 1007 2255 in
1026 2217 1059 2256 re
1075 2218 1144 2256 con-

252 2296 358 2351 sistere
372 2313 516 2365 umquam
535 2312 602 2351 sum
620 2313 733 2365 passus,
749 2294 929 2364 desponsam
949 2294 1065 2352 homini
1086 2299 1144 2351 iarn

207 2424 210 2430 .
253 2388 370 2459 Syriam
383 2388 493 2459 ademi,
509 2396 648 2445 senatum
661 2388 701 2445 ad
722 2393 879 2459 pristinam
899 2409 983 2446 suam
1003 2393 1143 2448 severita-

178 2513 180 2516 >
253 2491 318 2541 tem
332 2488 468 2541 revocavi
482 2491 574 2555 atque
589 2484 742 2541 abiectum
756 2488 894 2557 excitavi,
907 2483 1046 2542 Clodium
1060 2504 1143 2556 prae-

252 2587 372 2638 sentem
387 2579 465 2651 fregi
479 2584 511 2637 in
522 2587 629 2637 senatu
641 2599 710 2636 cum
721 2584 856 2636 oratione
871 2587 1019 2651 perpetua
1033 2580 1142 2651 plenis-

252 2680 327 2734 sima
341 2679 496 2746 gravitatis
510 2683 577 2732 tum
591 2675 787 2732 altercatione
806 2675 895 2733 huius
914 2676 1012 2744 modi;
1035 2696 1073 2733 ex
1087 2697 1143 2747 qua

252 2771 326 2831 licet
335 2791 436 2842 pauca
445 2772 605 2843 degustes3
626 2762 697 2827 nam
708 2779 810 2829 cetera
821 2790 882 2828 non
893 2779 1020 2842 possunt
1034 2753 1143 2829 habere
1199 2797 1202 2801 ’

254 2868 383 2925 eandem
406 2887 505 2939 neque
529 2871 590 2923 vim
613 2887 714 2938 neque
738 2874 930 2941 venustatem
953 2875 1070 2945 remoto
1094 2867 1144 2924 illo
1178 2889 1181 2894 ’

253 2955 354 3014 studio
365 2944 579 3026 contentionis,
590 2975 682 3027 quem
694 2952 792 3026 ἀγῶνα
803 2968 854 3013 vos
865 2942 1141 3027 appellatisllNam,

253 3052 289 3103 ut
304 3044 408 3103 ldibus
429 3045 517 3103 Maiis
530 3049 563 3102 in
578 3053 717 3102 senatum
731 3048 936 3116 convenimus,
951 3052 1073 3115 rogatus
1088 3063 1142 3114 ego

253 3134 552 3197 sententiammulta
573 3134 636 3192 dixi
657 3134 704 3193 dei
718 3153 834 3193 summa
855 3154 889 3193 re
909 3134 1038 3206 publica,
1053 3140 1142 3205 atque

337 3216 376 3278 56
