2512 3958
420 406 589 467 MARCUS
610 405 793 466 TULLIUS
814 404 965 464 CICERO

244 530 423 589 obstinatior
437 537 470 588 et
489 532 521 586 in
540 528 598 586 hac
611 527 766 586 iracundia
780 527 959 586 offirmatior.
982 526 1044 587 Sed
1063 525 1140 585 haec
1248 582 1251 588 .

244 634 298 685 aut
312 613 512 697 fsanabuutur,
533 645 602 682 cum
621 628 750 695 veneris,
769 631 823 682 aut
844 628 872 682 ei
892 623 1020 682 molesta
1039 629 1140 692 eruut,

244 725 278 779 in
292 728 360 779 utro
375 721 463 793 culpa
477 725 543 778 erit.

208 798 253 901 s
287 815 378 888 Quod
397 821 429 874 in
440 816 579 892 *epistula
599 824 652 874 tua
672 820 817 888 scripturn
833 824 898 874 erat
918 807 967 873 me
988 819 1048 872 iam
1062 814 1140 871 arbi-

244 918 318 972 trari
332 913 526 984 designatum
540 932 616 984 esse,
631 917 707 970 scito
721 912 798 970 nihil
814 921 878 970 tam
893 915 1061 970 exercitum
1075 929 1141 968 esse

245 1029 327 1068 nunc
354 1010 465 1068 Romae
491 1029 582 1081 quam
607 994 783 1068 candidatos
808 1009 947 1066 omnibus
973 1010 1140 1078 iniquitati·

245 1106 311 1177 bus,
331 1125 399 1176 nec,
419 1106 540 1176 quando
563 1104 666 1163 futura
688 1109 750 1163 sint
772 1109 903 1176 comitia,
925 1108 1000 1162 sciri.
1026 1103 1141 1161 Verum

246 1200 321 1260 haec
335 1201 440 1260 audies
455 1201 494 1260 de
511 1201 719 1273 Philadelpho.
814 1177 819 1197 ⁹

288 1297 334 1356 Tu
355 1297 456 1369 velim,
472 1317 549 1368 quae
565 1296 748 1356 Academiae
771 1306 891 1357 nostrae
913 1301 1141 1375 parasti4quarn

246 1398 377 1466 primum
391 1397 502 1451 mittas.
534 1394 613 1451 Mire
625 1414 715 1465 quam
726 1393 806 1451 illius
817 1393 875 1451 loci
886 1413 948 1451 non
959 1392 1049 1451 modo
1060 1410 1141 1460 usuS,

246 1488 408 1548 sedetiam
425 1492 570 1560 cogitatio
587 1488 729 1547 delectat.
769 1489 875 1546 Libros
893 1508 965 1547 vero
982 1496 1050 1546 tuos
1068 1506 1141 1545 eave

247 1588 387 1656 cuiquam
401 1584 517 1654 tradas;
536 1586 623 1643 nobis
641 1605 702 1656 eoS,
717 1605 809 1657 quem
827 1584 867 1642 ad
886 1584 1010 1642 modum
1027 1584 1141 1652 scribiS,

247 1700 397 1740 conserva.
432 1680 590 1739 Summum
613 1701 663 1739 me
684 1700 787 1738 eorum
806 1680 940 1738 studium
957 1687 1046 1738 tenet
1063 1683 1142 1737 sicut

247 1777 351 1835 odium
365 1781 425 1835 iam
440 1784 609 1835 ceterarum
623 1796 740 1846 rerum3
760 1796 833 1849 quas
847 1784 882 1833 tu
897 1775 1075 1833 incredibile
1093 1781 1141 1832 est

247 1892 338 1945 quarn
353 1874 437 1931 brevi
451 1880 589 1945 tempore
605 1880 719 1944 quanto
734 1872 900 1930 deteriores
915 1870 1081 1929 offensurus
1093 1874 1142 1940 sis,

247 1989 339 2041 quam
354 1969 511 2042 reliquisti.

665 2327 727 2385 Xll

548 2430 651 2469 arcano
665 2429 771 2468 Arnco
785 2430 843 2468 san.

290 2509 413 2567 Teucris
424 2508 476 2567 illa
487 2509 606 2566 lentum
617 2527 689 2566 sane
700 2512 868 2579 negotium,
877 2526 978 2579 neque
988 2506 1143 2566 Cornelius

248 2605 288 2665 ad
310 2605 486 2664 Terentiam
504 2611 611 2677 postea
629 2604 728 2662 rediit.
751 2602 877 2675 Opinor,
897 2602 937 2660 ad
959 2603 1142 2673 Considium,

249 2701 371 2772 Axium,
387 2701 530 2760 Selicium
545 2699 784 2771 confugiendum
804 2708 865 2768 est3
886 2720 957 2757 nam
976 2720 994 2756 a
1014 2698 1144 2756 Caecilio

221 2806 224 2813 ’
248 2801 409 2870 propinqui
429 2802 545 2854 minore
566 2800 739 2854 centesimis
759 2816 917 2854 nummum
938 2814 1059 2854 movere
1081 2815 1144 2852 non

249 2900 383 2966 possunt.
401 2893 462 2953 Sed
482 2900 517 2950 ut
531 2892 570 2950 ad
589 2896 686 2964 prima
705 2892 757 2949 illa
776 2892 909 2962 redeam,
924 2891 1001 2949 nihil
1021 2910 1079 2961 ego
1093 2890 1145 2949 illa

249 2989 466 3062 impudentius,
481 2993 619 3060 astutius,
631 2988 744 3046 lentius
758 2988 827 3046 vidi.
846 2975 1030 3046 “Libertum
1044 2992 1144 3058 mitto,

250 3085 321 3143 Tito
331 3085 500 3144 mandavi.”
513 3085 636 3156 Σκήψεις
646 3091 738 3156 atque
750 3083 914 3155 ἅναβολαί;
929 3083 984 3141 sed
994 3088 1096 3141 nescio
1107 3103 1146 3139 an

249 3180 428 3252 ταύτόματον
455 3180 543 3253 ἡμῶν.
574 3180 653 3238 Nam
680 3179 755 3237 mihi
790 3179 964 3251 Pompeiani
994 3179 1146 3251 prodromi

249 3282 394 3337 nuntiant
407 3283 513 3349 aperte
530 3275 706 3347 Pompeium
721 3283 859 3335 acturum
874 3275 1009 3335 Antonio
1023 3273 1144 3337 succedi

333 3367 372 3421 28
