<?xml version="1.0" encoding="UTF-8"?>
<!DOCTYPE html PUBLIC "-//W3C//DTD XHTML 1.0 Transitional//EN"
    "http://www.w3.org/TR/xhtml1/DTD/xhtml1-transitional.dtd">
<html xmlns="http://www.w3.org/1999/xhtml" xml:lang="en" lang="en">
 <head>
  <title>
</title>
<meta http-equiv="Content-Type" content="text/html;charset=utf-8" />
  <meta name='ocr-system' content='tesseract 3.04.00' />
  <meta name='ocr-capabilities' content='ocr_page ocr_carea ocr_par ocr_line ocrx_word'/>
</head>
<body>
  <div class='ocr_page' id='page_1' title='image "./letterstoatticu00winsgoog_0153.png"; bbox 0 0 2484 3854; ppageno 0'>
   <div class='ocr_carea' id='block_1_1' title="bbox 435 271 981 334">
    <p class='ocr_par' dir='ltr' id='par_1_1' title="bbox 435 271 981 334">
     <span class='ocr_line' id='line_1_1' title="bbox 435 271 981 334; baseline -0.005 -1"><span class='ocrx_word' id='word_1_1' title='bbox 435 275 605 334; x_wconf 84' lang='lat' dir='ltr'>MARCUS</span> <span class='ocrx_word' id='word_1_2' title='bbox 626 272 809 332; x_wconf 89' lang='lat' dir='ltr'>TULLIUS</span> <span class='ocrx_word' id='word_1_3' title='bbox 831 271 981 330; x_wconf 84' lang='lat' dir='ltr'>CICERO</span> 
     </span>
    </p>
   </div>
   <div class='ocr_carea' id='block_1_2' title="bbox 259 403 1159 1544">
    <p class='ocr_par' dir='ltr' id='par_1_2' title="bbox 259 403 1159 1544">
     <span class='ocr_line' id='line_1_2' title="bbox 259 403 1157 481; baseline -0.009 -13"><span class='ocrx_word' id='word_1_4' title='bbox 259 410 299 468; x_wconf 89' lang='lat' dir='ltr'><strong>de</strong></span> <span class='ocrx_word' id='word_1_5' title='bbox 312 430 363 468; x_wconf 92' lang='lat' dir='ltr'><strong>me</strong></span> <span class='ocrx_word' id='word_1_6' title='bbox 377 417 467 481; x_wconf 88' lang='lat' dir='ltr'><strong>pacta</strong></span> <span class='ocrx_word' id='word_1_7' title='bbox 481 415 562 478; x_wconf 86' lang='lat' dir='ltr'><strong>sunt,</strong></span> <span class='ocrx_word' id='word_1_8' title='bbox 577 427 614 465; x_wconf 89' lang='lat' dir='ltr'><strong>ea</strong></span> <span class='ocrx_word' id='word_1_9' title='bbox 627 427 689 464; x_wconf 90' lang='lat' dir='ltr'><strong>non</strong></span> <span class='ocrx_word' id='word_1_10' title='bbox 704 410 872 476; x_wconf 68' lang='lat' dir='ltr'><strong>servantia,</strong></span> <span class='ocrx_word' id='word_1_11' title='bbox 885 408 918 461; x_wconf 92' lang='lat' dir='ltr'><strong>in</strong></span> <span class='ocrx_word' id='word_1_12' title='bbox 932 403 1017 461; x_wconf 83' lang='lat' dir='ltr'><strong>caelo</strong></span> <span class='ocrx_word' id='word_1_13' title='bbox 1031 422 1109 472; x_wconf 91' lang='lat' dir='ltr'><strong>sum,</strong></span> <span class='ocrx_word' id='word_1_14' title='bbox 1121 409 1157 461; x_wconf 84' lang='lat' dir='ltr'><strong>ut</strong></span> 
     </span>
     <span class='ocr_line' id='line_1_3' title="bbox 259 511 1156 586; baseline -0.01 -11"><span class='ocrx_word' id='word_1_15' title='bbox 259 522 335 575; x_wconf 89' lang='lat' dir='ltr'><strong>sciat</strong></span> <span class='ocrx_word' id='word_1_16' title='bbox 344 517 395 575; x_wconf 92' lang='lat' dir='ltr'><strong>hic</strong></span> <span class='ocrx_word' id='word_1_17' title='bbox 406 524 510 574; x_wconf 90' lang='lat' dir='ltr'><strong>noster</strong></span> <span class='ocrx_word' id='word_1_18' title='bbox 522 515 795 586; x_wconf 62' lang='lat' dir='ltr'>Hierosolymarius</span> <span class='ocrx_word' id='word_1_19' title='bbox 806 513 962 571; x_wconf 70' lang='lat' dir='ltr'>traductor</span> <span class='ocrx_word' id='word_1_20' title='bbox 971 511 1011 568; x_wconf 90' lang='lat' dir='ltr'><strong>ad</strong></span> <span class='ocrx_word' id='word_1_21' title='bbox 1021 511 1156 582; x_wconf 87' lang='lat' dir='ltr'>plebem,</span> 
     </span>
     <span class='ocr_line' id='line_1_4' title="bbox 259 622 1156 696; baseline -0.01 -13"><span class='ocrx_word' id='word_1_22' title='bbox 259 645 352 696; x_wconf 85' lang='lat' dir='ltr'><strong>quam</strong></span> <span class='ocrx_word' id='word_1_23' title='bbox 365 626 477 682; x_wconf 89' lang='lat' dir='ltr'><strong>bonam</strong></span> <span class='ocrx_word' id='word_1_24' title='bbox 486 628 562 681; x_wconf 91' lang='lat' dir='ltr'><strong>meis</strong></span> <span class='ocrx_word' id='word_1_25' title='bbox 572 627 737 695; x_wconf 90' lang='lat' dir='ltr'><strong>putissimis</strong></span> <span class='ocrx_word' id='word_1_26' title='bbox 751 623 936 679; x_wconf 85' lang='lat' dir='ltr'><strong>orationibus</strong></span> <span class='ocrx_word' id='word_1_27' title='bbox 949 622 1079 691; x_wconf 82' lang='lat' dir='ltr'><strong>gratiam</strong></span> <span class='ocrx_word' id='word_1_28' title='bbox 1093 625 1156 675; x_wconf 89' lang='lat' dir='ltr'><strong>ret-</strong></span> 
     </span>
     <span class='ocr_line' id='line_1_5' title="bbox 260 725 1157 803; baseline -0.009 -13"><span class='ocrx_word' id='word_1_29' title='bbox 260 732 374 790; x_wconf 82' lang='lat' dir='ltr'><strong>tulerit.</strong></span> <span class='ocrx_word' id='word_1_30' title='bbox 407 731 544 803; x_wconf 82' lang='lat' dir='ltr'><strong>Quarum</strong></span> <span class='ocrx_word' id='word_1_31' title='bbox 558 738 701 803; x_wconf 78' lang='lat' dir='ltr'><strong>exspecta</strong></span> <span class='ocrx_word' id='word_1_32' title='bbox 715 730 848 788; x_wconf 86' lang='lat' dir='ltr'><strong>divinam</strong></span> <span class='ocrx_word' id='word_1_33' title='bbox 861 725 1046 798; x_wconf 76' lang='grc' dir='ltr'>παλινῳδίαν.</span> <span class='ocrx_word' id='word_1_34' title='bbox 1082 725 1157 783; x_wconf 80' lang='lat' dir='ltr'><strong>Ete-</strong></span> 
     </span>
     <span class='ocr_line' id='line_1_6' title="bbox 259 833 1159 911; baseline -0.008 -14"><span class='ocrx_word' id='word_1_35' title='bbox 259 843 334 911; x_wconf 91' lang='lat' dir='ltr'><strong>nim,</strong></span> <span class='ocrx_word' id='word_1_36' title='bbox 349 848 497 910; x_wconf 88' lang='lat' dir='ltr'><strong>quantum</strong></span> <span class='ocrx_word' id='word_1_37' title='bbox 518 843 692 896; x_wconf 87' lang='lat' dir='ltr'><strong>coniectura</strong></span> <span class='ocrx_word' id='word_1_38' title='bbox 712 856 904 909; x_wconf 78' lang='lat' dir='ltr'><strong>auguramur,</strong></span> <span class='ocrx_word' id='word_1_39' title='bbox 918 840 944 894; x_wconf 92' lang='lat' dir='ltr'><strong>si</strong></span> <span class='ocrx_word' id='word_1_40' title='bbox 965 838 1024 893; x_wconf 88' lang='lat' dir='ltr'><strong>erit</strong></span> <span class='ocrx_word' id='word_1_41' title='bbox 1043 833 1159 891; x_wconf 89' lang='lat' dir='ltr'><strong>nebulo</strong></span> 
     </span>
     <span class='ocr_line' id='line_1_7' title="bbox 259 932 1159 1018; baseline -0.007 -13"><span class='ocrx_word' id='word_1_42' title='bbox 259 951 318 1005; x_wconf 87' lang='lat' dir='ltr'><strong>iste</strong></span> <span class='ocrx_word' id='word_1_43' title='bbox 338 969 408 1005; x_wconf 89' lang='lat' dir='ltr'><strong>cum</strong></span> <span class='ocrx_word' id='word_1_44' title='bbox 428 947 475 1005; x_wconf 92' lang='lat' dir='ltr'><strong>his</strong></span> <span class='ocrx_word' id='word_1_45' title='bbox 495 932 630 1018; x_wconf 83' lang='lat' dir='ltr'><strong>dynastis</strong></span> <span class='ocrx_word' id='word_1_46' title='bbox 644 951 677 1004; x_wconf 91' lang='lat' dir='ltr'><strong>in</strong></span> <span class='ocrx_word' id='word_1_47' title='bbox 693 950 801 1017; x_wconf 84' lang='lat' dir='ltr'><strong>gratia,</strong></span> <span class='ocrx_word' id='word_1_48' title='bbox 815 966 878 1002; x_wconf 91' lang='lat' dir='ltr'><strong>non</strong></span> <span class='ocrx_word' id='word_1_49' title='bbox 891 944 982 1001; x_wconf 91' lang='lat' dir='ltr'><strong>modo</strong></span> <span class='ocrx_word' id='word_1_50' title='bbox 996 943 1035 1001; x_wconf 93' lang='lat' dir='ltr'><strong>de</strong></span> <span class='ocrx_word' id='word_1_51' title='bbox 1050 945 1159 1013; x_wconf 87' lang='lat' dir='ltr'><strong>cynico</strong></span> 
     </span>
     <span class='ocr_line' id='line_1_8' title="bbox 260 1050 1159 1127; baseline -0.007 -15"><span class='ocrx_word' id='word_1_52' title='bbox 260 1056 419 1127; x_wconf 89' lang='lat' dir='ltr'><strong>consulari,</strong></span> <span class='ocrx_word' id='word_1_53' title='bbox 434 1056 489 1114; x_wconf 93' lang='lat' dir='ltr'><strong>sed</strong></span> <span class='ocrx_word' id='word_1_54' title='bbox 503 1075 543 1113; x_wconf 91' lang='lat' dir='ltr'><strong>ne</strong></span> <span class='ocrx_word' id='word_1_55' title='bbox 558 1054 597 1113; x_wconf 87' lang='lat' dir='ltr'><strong>de</strong></span> <span class='ocrx_word' id='word_1_56' title='bbox 611 1059 677 1113; x_wconf 91' lang='lat' dir='ltr'><strong>istis</strong></span> <span class='ocrx_word' id='word_1_57' title='bbox 691 1053 815 1126; x_wconf 91' lang='lat' dir='ltr'><strong>quidem</strong></span> <span class='ocrx_word' id='word_1_58' title='bbox 828 1057 1011 1126; x_wconf 82' lang='lat' dir='ltr'><strong>piscinarum</strong></span> <span class='ocrx_word' id='word_1_59' title='bbox 1025 1050 1159 1108; x_wconf 84' lang='lat' dir='ltr'><strong>Tritoni-</strong></span> 
     </span>
     <span class='ocr_line' id='line_1_9' title="bbox 259 1159 1159 1235; baseline -0.006 -15"><span class='ocrx_word' id='word_1_60' title='bbox 259 1164 316 1221; x_wconf 92' lang='lat' dir='ltr'><strong>bus</strong></span> <span class='ocrx_word' id='word_1_61' title='bbox 330 1168 444 1235; x_wconf 86' lang='lat' dir='ltr'><strong>poterit</strong></span> <span class='ocrx_word' id='word_1_62' title='bbox 458 1184 490 1221; x_wconf 89' lang='lat' dir='ltr'><strong>se</strong></span> <span class='ocrx_word' id='word_1_63' title='bbox 505 1169 625 1220; x_wconf 86' lang='lat' dir='ltr'><strong>iactare.</strong></span> <span class='ocrx_word' id='word_1_64' title='bbox 653 1163 724 1219; x_wconf 91' lang='lat' dir='ltr'><strong>Non</strong></span> <span class='ocrx_word' id='word_1_65' title='bbox 739 1166 821 1219; x_wconf 91' lang='lat' dir='ltr'><strong>enim</strong></span> <span class='ocrx_word' id='word_1_66' title='bbox 834 1165 1000 1232; x_wconf 82' lang='lat' dir='ltr'><strong>poterimus</strong></span> <span class='ocrx_word' id='word_1_67' title='bbox 1014 1159 1076 1217; x_wconf 87' lang='lat' dir='ltr'><strong>ulla</strong></span> <span class='ocrx_word' id='word_1_68' title='bbox 1090 1177 1159 1216; x_wconf 89' lang='lat' dir='ltr'><strong>esse</strong></span> 
     </span>
     <span class='ocr_line' id='line_1_10' title="bbox 260 1266 1157 1343; baseline -0.006 -15"><span class='ocrx_word' id='word_1_69' title='bbox 260 1272 374 1329; x_wconf 89' lang='lat' dir='ltr'><strong>invidia</strong></span> <span class='ocrx_word' id='word_1_70' title='bbox 389 1273 508 1343; x_wconf 87' lang='lat' dir='ltr'><strong>spoliati</strong></span> <span class='ocrx_word' id='word_1_71' title='bbox 523 1273 630 1343; x_wconf 89' lang='lat' dir='ltr'><strong>opibus</strong></span> <span class='ocrx_word' id='word_1_72' title='bbox 645 1279 678 1329; x_wconf 98' lang='lat' dir='ltr'><strong>et</strong></span> <span class='ocrx_word' id='word_1_73' title='bbox 691 1270 744 1327; x_wconf 88' lang='lat' dir='ltr'><strong>illa</strong></span> <span class='ocrx_word' id='word_1_74' title='bbox 758 1273 908 1327; x_wconf 87' lang='lat' dir='ltr'><strong>senatoria</strong></span> <span class='ocrx_word' id='word_1_75' title='bbox 921 1271 1067 1340; x_wconf 86' lang='lat' dir='ltr'><strong>potentia</strong></span> <span class='ocrx_word' id='word_1_76' title='bbox 1102 1266 1157 1325; x_wconf 89' lang='lat' dir='ltr'><strong>Sin</strong></span> 
     </span>
     <span class='ocr_line' id='line_1_11' title="bbox 260 1374 1156 1450; baseline -0.004 -15"><span class='ocrx_word' id='word_1_77' title='bbox 260 1387 364 1437; x_wconf 87' lang='lat' dir='ltr'><strong>autem</strong></span> <span class='ocrx_word' id='word_1_78' title='bbox 378 1379 417 1436; x_wconf 89' lang='lat' dir='ltr'><strong>ab</strong></span> <span class='ocrx_word' id='word_1_79' title='bbox 436 1384 472 1437; x_wconf 92' lang='lat' dir='ltr'><strong>iis</strong></span> <span class='ocrx_word' id='word_1_80' title='bbox 486 1379 657 1450; x_wconf 85' lang='lat' dir='ltr'><strong>dissentiet,</strong></span> <span class='ocrx_word' id='word_1_81' title='bbox 672 1381 731 1436; x_wconf 89' lang='lat' dir='ltr'><strong>erit</strong></span> <span class='ocrx_word' id='word_1_82' title='bbox 749 1377 913 1436; x_wconf 89' lang='lat' dir='ltr'><strong>absurdum</strong></span> <span class='ocrx_word' id='word_1_83' title='bbox 926 1381 959 1433; x_wconf 93' lang='lat' dir='ltr'><strong>in</strong></span> <span class='ocrx_word' id='word_1_84' title='bbox 973 1395 1028 1434; x_wconf 92' lang='lat' dir='ltr'><strong>nos</strong></span> <span class='ocrx_word' id='word_1_85' title='bbox 1042 1374 1156 1432; x_wconf 80' lang='lat' dir='ltr'><strong>invehi.</strong></span> 
     </span>
     <span class='ocr_line' id='line_1_12' title="bbox 261 1486 675 1544; baseline 0 -1"><span class='ocrx_word' id='word_1_86' title='bbox 261 1487 375 1544; x_wconf 87' lang='lat' dir='ltr'><strong>Verum</strong></span> <span class='ocrx_word' id='word_1_87' title='bbox 388 1495 492 1544; x_wconf 86' lang='lat' dir='ltr'><strong>tamen</strong></span> <span class='ocrx_word' id='word_1_88' title='bbox 506 1486 675 1544; x_wconf 84' lang='lat' dir='ltr'><strong>invehatur.</strong></span> 
     </span>
    </p>
   </div>
   <div class='ocr_carea' id='block_1_3' title="bbox 258 1603 1174 2325">
    <p class='ocr_par' dir='ltr' id='par_1_3' title="bbox 258 1603 1174 2325">
     <span class='ocr_line' id='line_1_13' title="bbox 302 1603 1158 1675; baseline -0.004 -14"><span class='ocrx_word' id='word_1_89' title='bbox 302 1603 433 1675; x_wconf 81' lang='lat' dir='ltr'><strong>Festive,</strong></span> <span class='ocrx_word' id='word_1_90' title='bbox 447 1603 522 1661; x_wconf 89' lang='lat' dir='ltr'><strong>mihi</strong></span> <span class='ocrx_word' id='word_1_91' title='bbox 542 1603 643 1675; x_wconf 89' lang='lat' dir='ltr'><strong>crede,</strong></span> <span class='ocrx_word' id='word_1_92' title='bbox 657 1611 690 1661; x_wconf 90' lang='lat' dir='ltr'><strong>et</strong></span> <span class='ocrx_word' id='word_1_93' title='bbox 704 1607 820 1660; x_wconf 87' lang='lat' dir='ltr'><strong>minore</strong></span> <span class='ocrx_word' id='word_1_94' title='bbox 835 1607 946 1673; x_wconf 89' lang='lat' dir='ltr'><strong>sonitu,</strong></span> <span class='ocrx_word' id='word_1_95' title='bbox 961 1621 1051 1672; x_wconf 91' lang='lat' dir='ltr'><strong>quam</strong></span> <span class='ocrx_word' id='word_1_96' title='bbox 1068 1608 1158 1672; x_wconf 84' lang='lat' dir='ltr'><strong>puta-</strong></span> 
     </span>
     <span class='ocr_line' id='line_1_14' title="bbox 259 1693 1174 1784; baseline -0.001 -15"><span class='ocrx_word' id='word_1_97' title='bbox 259 1732 333 1783; x_wconf 88' lang='lat' dir='ltr'><strong>ram,</strong></span> <span class='ocrx_word' id='word_1_98' title='bbox 355 1713 435 1771; x_wconf 89' lang='lat' dir='ltr'><strong>orbis</strong></span> <span class='ocrx_word' id='word_1_99' title='bbox 457 1712 506 1770; x_wconf 88' lang='lat' dir='ltr'><strong>hic</strong></span> <span class='ocrx_word' id='word_1_100' title='bbox 531 1716 564 1769; x_wconf 91' lang='lat' dir='ltr'><strong>in</strong></span> <span class='ocrx_word' id='word_1_101' title='bbox 591 1732 624 1769; x_wconf 89' lang='lat' dir='ltr'><strong>re</strong></span> <span class='ocrx_word' id='word_1_102' title='bbox 650 1712 771 1784; x_wconf 89' lang='lat' dir='ltr'><strong>publica</strong></span> <span class='ocrx_word' id='word_1_103' title='bbox 792 1719 839 1770; x_wconf 88' lang='lat' dir='ltr'><strong>est</strong></span> <span class='ocrx_word' id='word_1_104' title='bbox 861 1729 1037 1779; x_wconf 91' lang='lat' dir='ltr'><strong>conversus;</strong></span> <span class='ocrx_word' id='word_1_105' title='bbox 1067 1693 1174 1768; x_wconf 77' lang='lat' dir='ltr'><strong>citius</strong></span> 
     </span>
     <span class='ocr_line' id='line_1_15' title="bbox 259 1808 1159 1892; baseline 0 -15"><span class='ocrx_word' id='word_1_106' title='bbox 259 1825 392 1891; x_wconf 90' lang='lat' dir='ltr'><strong>omnino,</strong></span> <span class='ocrx_word' id='word_1_107' title='bbox 404 1841 494 1892; x_wconf 89' lang='lat' dir='ltr'><strong>quam</strong></span> <span class='ocrx_word' id='word_1_108' title='bbox 504 1825 615 1891; x_wconf 88' lang='lat' dir='ltr'><strong>potuit,</strong></span> <span class='ocrx_word' id='word_1_109' title='bbox 627 1808 736 1892; x_wconf 85' lang='lat' dir='ltr'><strong>idque1</strong></span> <span class='ocrx_word' id='word_1_110' title='bbox 747 1820 835 1892; x_wconf 87' lang='lat' dir='ltr'><strong>culpa</strong></span> <span class='ocrx_word' id='word_1_111' title='bbox 846 1820 979 1889; x_wconf 77' lang='lat' dir='ltr'><strong>CatoniS,</strong></span> <span class='ocrx_word' id='word_1_112' title='bbox 990 1817 1043 1877; x_wconf 87' lang='lat' dir='ltr'><strong>sed</strong></span> <span class='ocrx_word' id='word_1_113' title='bbox 1054 1838 1159 1877; x_wconf 89' lang='lat' dir='ltr'><strong>rursus</strong></span> 
     </span>
     <span class='ocr_line' id='line_1_16' title="bbox 259 1926 1158 2000; baseline 0 -15"><span class='ocrx_word' id='word_1_114' title='bbox 259 1929 453 2000; x_wconf 74' lang='lat' dir='ltr'><strong>improbitate</strong></span> <span class='ocrx_word' id='word_1_115' title='bbox 467 1933 603 1999; x_wconf 85' lang='lat' dir='ltr'><strong>istorum,</strong></span> <span class='ocrx_word' id='word_1_116' title='bbox 618 1932 670 1999; x_wconf 90' lang='lat' dir='ltr'><strong>qui</strong></span> <span class='ocrx_word' id='word_1_117' title='bbox 684 1932 825 2000; x_wconf 89' lang='lat' dir='ltr'><strong>auspicia,</strong></span> <span class='ocrx_word' id='word_1_118' title='bbox 840 1931 892 1999; x_wconf 90' lang='lat' dir='ltr'><strong>qui</strong></span> <span class='ocrx_word' id='word_1_119' title='bbox 907 1927 1026 1985; x_wconf 81' lang='lat' dir='ltr'><strong>Aeliam</strong></span> <span class='ocrx_word' id='word_1_120' title='bbox 1042 1926 1158 1999; x_wconf 81' lang='lat' dir='ltr'><strong>legem,</strong></span> 
     </span>
     <span class='ocr_line' id='line_1_17' title="bbox 259 2026 1158 2107; baseline -0.001 -14"><span class='ocrx_word' id='word_1_121' title='bbox 259 2040 311 2107; x_wconf 91' lang='lat' dir='ltr'><strong>qui</strong></span> <span class='ocrx_word' id='word_1_122' title='bbox 335 2035 453 2093; x_wconf 88' lang='lat' dir='ltr'><strong>Iuniam</strong></span> <span class='ocrx_word' id='word_1_123' title='bbox 476 2044 509 2094; x_wconf 90' lang='lat' dir='ltr'><strong>et</strong></span> <span class='ocrx_word' id='word_1_124' title='bbox 534 2026 692 2107; x_wconf 74' lang='lat' dir='ltr'><strong>Liciniam,</strong></span> <span class='ocrx_word' id='word_1_125' title='bbox 713 2040 765 2107; x_wconf 93' lang='lat' dir='ltr'><strong>qui</strong></span> <span class='ocrx_word' id='word_1_126' title='bbox 788 2036 949 2093; x_wconf 86' lang='lat' dir='ltr'><strong>Caeciliam</strong></span> <span class='ocrx_word' id='word_1_127' title='bbox 974 2043 1007 2093; x_wconf 90' lang='lat' dir='ltr'><strong>et</strong></span> <span class='ocrx_word' id='word_1_128' title='bbox 1032 2035 1158 2093; x_wconf 88' lang='lat' dir='ltr'><strong>Didiam</strong></span> 
     </span>
     <span class='ocr_line' id='line_1_18' title="bbox 258 2143 1158 2216; baseline 0.001 -15"><span class='ocrx_word' id='word_1_129' title='bbox 258 2144 472 2215; x_wconf 83' lang='lat' dir='ltr'><strong>neglexerunt,</strong></span> <span class='ocrx_word' id='word_1_130' title='bbox 486 2149 538 2215; x_wconf 92' lang='lat' dir='ltr'><strong>qui</strong></span> <span class='ocrx_word' id='word_1_131' title='bbox 557 2148 658 2201; x_wconf 87' lang='lat' dir='ltr'><strong>omnia</strong></span> <span class='ocrx_word' id='word_1_132' title='bbox 671 2144 806 2201; x_wconf 88' lang='lat' dir='ltr'><strong>remedia</strong></span> <span class='ocrx_word' id='word_1_133' title='bbox 822 2148 866 2202; x_wconf 89' lang='lat' dir='ltr'><strong>rei</strong></span> <span class='ocrx_word' id='word_1_134' title='bbox 886 2144 1025 2216; x_wconf 86' lang='lat' dir='ltr'><strong>publicae</strong></span> <span class='ocrx_word' id='word_1_135' title='bbox 1040 2143 1158 2202; x_wconf 90' lang='lat' dir='ltr'><strong>effude-</strong></span> 
     </span>
     <span class='ocr_line' id='line_1_19' title="bbox 258 2252 1158 2325; baseline 0.002 -15"><span class='ocrx_word' id='word_1_136' title='bbox 258 2260 340 2323; x_wconf 85' lang='lat' dir='ltr'><strong>runt,</strong></span> <span class='ocrx_word' id='word_1_137' title='bbox 355 2257 406 2323; x_wconf 93' lang='lat' dir='ltr'><strong>qui</strong></span> <span class='ocrx_word' id='word_1_138' title='bbox 420 2273 516 2323; x_wconf 82' lang='lat' dir='ltr'><strong>regna</strong></span> <span class='ocrx_word' id='word_1_139' title='bbox 529 2257 614 2324; x_wconf 86' lang='lat' dir='ltr'><strong>quasi</strong></span> <span class='ocrx_word' id='word_1_140' title='bbox 625 2253 752 2325; x_wconf 88' lang='lat' dir='ltr'><strong>praedia</strong></span> <span class='ocrx_word' id='word_1_141' title='bbox 762 2252 932 2324; x_wconf 88' lang='lat' dir='ltr'><strong>tetrarchis,</strong></span> <span class='ocrx_word' id='word_1_142' title='bbox 942 2257 994 2324; x_wconf 91' lang='lat' dir='ltr'><strong>qui</strong></span> <span class='ocrx_word' id='word_1_143' title='bbox 1008 2256 1158 2312; x_wconf 86' lang='lat' dir='ltr'><strong>immanes</strong></span> 
     </span>
    </p>
   </div>
   <div class='ocr_carea' id='block_1_4' title="bbox 259 2359 1158 2454">
    <p class='ocr_par' dir='ltr' id='par_1_4' title="bbox 259 2359 1158 2454">
     <span class='ocr_line' id='line_1_20' title="bbox 259 2359 1158 2454; baseline 0.003 -38"><span class='ocrx_word' id='word_1_144' title='bbox 259 2364 402 2432; x_wconf 88' lang='lat' dir='ltr'><strong>pecunias</strong></span> <span class='ocrx_word' id='word_1_145' title='bbox 430 2363 532 2431; x_wconf 89' lang='lat' dir='ltr'><strong>paucis</strong></span> <span class='ocrx_word' id='word_1_146' title='bbox 557 2359 717 2418; x_wconf 87' lang='lat' dir='ltr'><strong>dederunt.</strong></span> <span class='ocrx_word' id='word_1_147' title='bbox 751 2360 848 2417; x_wconf 92' lang='lat' dir='ltr'><strong>Video</strong></span> <span class='ocrx_word' id='word_1_148' title='bbox 868 2364 939 2431; x_wconf 88' lang='lat' dir='ltr'><strong>iam,</strong></span> <span class='ocrx_word' id='word_1_149' title='bbox 961 2379 1020 2454; x_wconf 81' lang='lat' dir='ltr'><strong>quo</strong></span> <span class='ocrx_word' id='word_1_150' title='bbox 1041 2361 1158 2419; x_wconf 89' lang='lat' dir='ltr'><strong>invidia</strong></span> 
     </span>
    </p>
   </div>
   <div class='ocr_carea' id='block_1_5' title="bbox 257 2467 1157 2762">
    <p class='ocr_par' dir='ltr' id='par_1_5' title="bbox 257 2467 1157 2762">
     <span class='ocr_line' id='line_1_21' title="bbox 258 2467 1157 2528; baseline 0.004 -4"><span class='ocrx_word' id='word_1_151' title='bbox 258 2475 394 2525; x_wconf 87' lang='lat' dir='ltr'><strong>transeat</strong></span> <span class='ocrx_word' id='word_1_152' title='bbox 413 2475 446 2525; x_wconf 90' lang='lat' dir='ltr'><strong>et</strong></span> <span class='ocrx_word' id='word_1_153' title='bbox 465 2468 517 2525; x_wconf 93' lang='lat' dir='ltr'><strong>ubi</strong></span> <span class='ocrx_word' id='word_1_154' title='bbox 536 2472 576 2526; x_wconf 92' lang='lat' dir='ltr'><strong>sit</strong></span> <span class='ocrx_word' id='word_1_155' title='bbox 593 2467 772 2526; x_wconf 81' lang='lat' dir='ltr'><strong>habitatura</strong></span> <span class='ocrx_word' id='word_1_156' title='bbox 811 2468 896 2525; x_wconf 90' lang='lat' dir='ltr'><strong>Nihil</strong></span> <span class='ocrx_word' id='word_1_157' title='bbox 910 2488 959 2526; x_wconf 92' lang='lat' dir='ltr'><strong>me</strong></span> <span class='ocrx_word' id='word_1_158' title='bbox 975 2472 1157 2528; x_wconf 84' lang='lat' dir='ltr'><strong>existimaris</strong></span> 
     </span>
     <span class='ocr_line' id='line_1_22' title="bbox 257 2576 1157 2649; baseline 0.006 -16"><span class='ocrx_word' id='word_1_159' title='bbox 257 2596 359 2647; x_wconf 88' lang='lat' dir='ltr'><strong>neque</strong></span> <span class='ocrx_word' id='word_1_160' title='bbox 376 2595 431 2634; x_wconf 90' lang='lat' dir='ltr'><strong>usu</strong></span> <span class='ocrx_word' id='word_1_161' title='bbox 449 2596 549 2647; x_wconf 89' lang='lat' dir='ltr'><strong>neque</strong></span> <span class='ocrx_word' id='word_1_162' title='bbox 567 2597 585 2633; x_wconf 89' lang='lat' dir='ltr'><strong>a</strong></span> <span class='ocrx_word' id='word_1_163' title='bbox 599 2576 808 2649; x_wconf 84' lang='lat' dir='ltr'><strong>Theophrasto</strong></span> <span class='ocrx_word' id='word_1_164' title='bbox 828 2576 979 2648; x_wconf 85' lang='lat' dir='ltr'><strong>didicisse,</strong></span> <span class='ocrx_word' id='word_1_165' title='bbox 992 2581 1051 2634; x_wconf 90' lang='lat' dir='ltr'><strong>nisi</strong></span> <span class='ocrx_word' id='word_1_166' title='bbox 1070 2579 1157 2637; x_wconf 90' lang='lat' dir='ltr'><strong>brevi</strong></span> 
     </span>
     <span class='ocr_line' id='line_1_23' title="bbox 257 2684 1157 2762; baseline 0.004 -21"><span class='ocrx_word' id='word_1_167' title='bbox 257 2691 395 2755; x_wconf 85' lang='lat' dir='ltr'><strong>tempore</strong></span> <span class='ocrx_word' id='word_1_168' title='bbox 414 2684 579 2762; x_wconf 83' lang='lat' dir='ltr'><strong>desiderari</strong></span> <span class='ocrx_word' id='word_1_169' title='bbox 593 2693 696 2743; x_wconf 88' lang='lat' dir='ltr'><strong>nostra</strong></span> <span class='ocrx_word' id='word_1_170' title='bbox 710 2685 762 2742; x_wconf 90' lang='lat' dir='ltr'><strong>illa</strong></span> <span class='ocrx_word' id='word_1_171' title='bbox 775 2693 914 2757; x_wconf 88' lang='lat' dir='ltr'><strong>tempora</strong></span> <span class='ocrx_word' id='word_1_172' title='bbox 927 2684 1045 2743; x_wconf 89' lang='lat' dir='ltr'><strong>videris.</strong></span> <span class='ocrx_word' id='word_1_173' title='bbox 1081 2686 1157 2745; x_wconf 89' lang='lat' dir='ltr'><strong>Ete-</strong></span> 
     </span>
    </p>
   </div>
   <div class='ocr_carea' id='block_1_6' title="bbox 106 2791 1157 2871">
    <p class='ocr_par' dir='ltr' id='par_1_6' title="bbox 106 2791 1157 2871">
     <span class='ocr_line' id='line_1_24' title="bbox 106 2791 1157 2871; baseline 0.007 -24"><span class='ocrx_word' id='word_1_174' title='bbox 106 2845 114 2859; x_wconf 63' lang='grc'>,</span> <span class='ocrx_word' id='word_1_175' title='bbox 145 2866 148 2871; x_wconf 25' lang='lat'><strong>⁴</strong></span> <span class='ocrx_word' id='word_1_176' title='bbox 257 2796 332 2864; x_wconf 91' lang='lat' dir='ltr'><strong>nim,</strong></span> <span class='ocrx_word' id='word_1_177' title='bbox 343 2796 367 2850; x_wconf 91' lang='lat' dir='ltr'><strong>si</strong></span> <span class='ocrx_word' id='word_1_178' title='bbox 381 2791 441 2850; x_wconf 89' lang='lat' dir='ltr'><strong>fuit</strong></span> <span class='ocrx_word' id='word_1_179' title='bbox 454 2793 601 2851; x_wconf 88' lang='lat' dir='ltr'><strong>invidiosa</strong></span> <span class='ocrx_word' id='word_1_180' title='bbox 615 2802 737 2851; x_wconf 87' lang='lat' dir='ltr'><strong>senatus</strong></span> <span class='ocrx_word' id='word_1_181' title='bbox 748 2798 896 2865; x_wconf 87' lang='lat' dir='ltr'><strong>potentia,</strong></span> <span class='ocrx_word' id='word_1_182' title='bbox 908 2815 977 2851; x_wconf 89' lang='lat' dir='ltr'><strong>cum</strong></span> <span class='ocrx_word' id='word_1_183' title='bbox 992 2814 1028 2851; x_wconf 88' lang='lat' dir='ltr'><strong>ea</strong></span> <span class='ocrx_word' id='word_1_184' title='bbox 1041 2815 1104 2853; x_wconf 92' lang='lat' dir='ltr'><strong>non</strong></span> <span class='ocrx_word' id='word_1_185' title='bbox 1115 2799 1157 2856; x_wconf 88' lang='lat' dir='ltr'><strong>ad</strong></span> 
     </span>
    </p>
   </div>
   <div class='ocr_carea' id='block_1_7' title="bbox 257 2913 1173 3097">
    <p class='ocr_par' dir='ltr' id='par_1_7' title="bbox 257 2913 1173 3097">
     <span class='ocr_line' id='line_1_25' title="bbox 257 2913 1173 2991; baseline 0.001 -22"><span class='ocrx_word' id='word_1_186' title='bbox 257 2913 412 2985; x_wconf 90' lang='lat' dir='ltr'><strong>populum,</strong></span> <span class='ocrx_word' id='word_1_187' title='bbox 418 2913 472 2972; x_wconf 92' lang='lat' dir='ltr'><strong>sed</strong></span> <span class='ocrx_word' id='word_1_188' title='bbox 483 2913 522 2971; x_wconf 87' lang='lat' dir='ltr'><strong>ad</strong></span> <span class='ocrx_word' id='word_1_189' title='bbox 530 2922 593 2972; x_wconf 88' lang='lat' dir='ltr'><strong>tres</strong></span> <span class='ocrx_word' id='word_1_190' title='bbox 601 2914 740 2973; x_wconf 90' lang='lat' dir='ltr'><strong>homines</strong></span> <span class='ocrx_word' id='word_1_191' title='bbox 750 2915 964 2973; x_wconf 85' lang='lat' dir='ltr'><strong>immoderatos</strong></span> <span class='ocrx_word' id='word_1_192' title='bbox 972 2916 1097 2974; x_wconf 88' lang='lat' dir='ltr'><strong>redacta</strong></span> <span class='ocrx_word' id='word_1_193' title='bbox 1105 2923 1157 2991; x_wconf 93' lang='lat' dir='ltr'><strong>sit,</strong></span> <span class='ocrx_word' id='word_1_194' title='bbox 1170 2966 1173 2970; x_wconf 88' lang='lat'>.</span> 
     </span>
     <span class='ocr_line' id='line_1_26' title="bbox 257 3021 1157 3097; baseline 0.009 -19"><span class='ocrx_word' id='word_1_195' title='bbox 257 3021 330 3093; x_wconf 90' lang='lat' dir='ltr'><strong>quid</strong></span> <span class='ocrx_word' id='word_1_196' title='bbox 344 3025 404 3078; x_wconf 88' lang='lat' dir='ltr'><strong>iam</strong></span> <span class='ocrx_word' id='word_1_197' title='bbox 419 3041 524 3080; x_wconf 88' lang='lat' dir='ltr'><strong>censes</strong></span> <span class='ocrx_word' id='word_1_198' title='bbox 538 3021 622 3080; x_wconf 85' lang='lat' dir='ltr'><strong>fore?</strong></span> <span class='ocrx_word' id='word_1_199' title='bbox 645 3023 774 3080; x_wconf 90' lang='lat' dir='ltr'><strong>Proinde</strong></span> <span class='ocrx_word' id='word_1_200' title='bbox 789 3027 839 3081; x_wconf 91' lang='lat' dir='ltr'><strong>isti</strong></span> <span class='ocrx_word' id='word_1_201' title='bbox 853 3023 927 3081; x_wconf 89' lang='lat' dir='ltr'><strong>licet</strong></span> <span class='ocrx_word' id='word_1_202' title='bbox 941 3023 1064 3096; x_wconf 88' lang='lat' dir='ltr'><strong>faciant,</strong></span> <span class='ocrx_word' id='word_1_203' title='bbox 1079 3046 1157 3097; x_wconf 88' lang='lat' dir='ltr'><strong>quos</strong></span> 
     </span>
    </p>
   </div>
   <div class='ocr_carea' id='block_1_8' title="bbox 343 3133 895 3285">
    <p class='ocr_par' dir='ltr' id='par_1_8' title="bbox 343 3133 895 3285">
     <span class='ocr_line' id='line_1_27' title="bbox 515 3133 895 3201; baseline 0.008 -17"><span class='ocrx_word' id='word_1_204' title='bbox 515 3133 614 3200; x_wconf 89' lang='lat' dir='ltr'><strong>¹idque</strong></span> <span class='ocrx_word' id='word_1_205' title='bbox 633 3136 799 3201; x_wconf 82' lang='lat' dir='ltr'><strong>Wesenberg:</strong></span> <span class='ocrx_word' id='word_1_206' title='bbox 816 3137 842 3186; x_wconf 89' lang='lat' dir='ltr'><strong>id</strong></span> <span class='ocrx_word' id='word_1_207' title='bbox 855 3139 895 3187; x_wconf 87' lang='lat' dir='ltr'><strong>M.</strong></span> 
     </span>
     <span class='ocr_line' id='line_1_28' title="bbox 343 3223 401 3285; baseline 0.052 -3"><span class='ocrx_word' id='word_1_208' title='bbox 343 3223 401 3285; x_wconf 75' lang='lat'><strong>136</strong></span> 
     </span>
    </p>
   </div>
   <div class='ocr_carea' id='block_1_9' title="bbox 0 0 1246 3854">
    <p class='ocr_par' dir='ltr' id='par_1_9' title="bbox 0 0 1246 3854">
     <span class='ocr_line' id='line_1_29' title="bbox 0 0 1246 3854; baseline 0 0"><span class='ocrx_word' id='word_1_209' title='bbox 0 0 1246 3854; x_wconf 95' lang='lat' dir='ltr'><strong> </strong></span> 
     </span>
    </p>
   </div>
  </div>
 </body>
</html>
