2526 3850
447 318 618 383 MARCUS
638 320 821 382 TULLIUS
841 320 1001 381 clcltuo

270 445 390 504 indiciis
403 464 560 517 possumus
579 444 722 515 iudicare,
736 463 792 502 nos
811 444 930 502 Caesmi
949 449 983 501 et
1000 445 1170 500 carissimos

271 549 305 599 et
332 540 561 599 iucundissimos
589 560 663 599 esse.
719 539 900 611 Dionysium
927 538 1021 596 velim
1051 537 1168 595 salvere

239 710 243 716 ἢ
271 637 375 695 iubeas
397 645 431 695 et
452 657 523 695 eum
545 656 634 707 roges
656 643 689 694 et
710 636 845 707 hortere,
866 643 903 693 ut
924 654 1016 706 quam
1036 638 1191 715 primum.

272 739 383 805 veniat,
402 742 438 792 ut
456 738 552 806 possit
571 732 748 792 Ciceronem
768 752 871 814 meum
890 740 984 803 atque
1004 734 1098 789 etiam
1116 749 1167 788 me

270 834 369 902 ipsum
383 830 512 888 erudire.

686 1037 760 1096 xvl

570 1155 675 1194 cicano
691 1153 797 1192 mico
812 1152 870 1192 san

58 1236 117 1295 Sor.
138 1237 246 1296 Romae
279 1312 285 1316 ι
314 1236 557 1308 occupationum
572 1255 710 1294 mearum
723 1235 772 1293 vel
789 1235 848 1292 hoc
865 1238 987 1306 signum
1002 1236 1071 1305 erit,
1085 1233 1169 1305 quod

58 1343 98 1380 εἴ·
115 1343 150 1379 Μ’
167 1321 229 1380 Iun*
271 1338 402 1409 epistula
416 1338 528 1396 librarii
542 1358 635 1396 manu
650 1345 705 1395 est.
751 1337 800 1395 De
811 1336 1010 1408 epistularum
1024 1335 1168 1407 frequen·
1252 1382 1253 1401 2

60 1403 255 1548 fftdgpfflm'
271 1443 314 1495 tia
327 1446 360 1496 te
377 1437 454 1496 nihil
468 1458 586 1509 accuso,
600 1439 656 1497 sed
674 1439 838 1511 pleraeque
851 1445 973 1496 tantum
987 1436 1079 1495 modo
1090 1437 1168 1495 mihi

271 1541 464 1611 nuntiabant,
479 1541 531 1598 ubi
546 1559 627 1598 esses
635 1561 649 1621 :¹
663 1539 744 1611 quod
766 1548 854 1599 erant
874 1541 928 1597 abs
944 1547 988 1610 te,
1002 1539 1052 1597 vel
1073 1541 1168 1598 etiam
1252 1532 1253 1577 ἲ

271 1641 482 1713 significabant
496 1650 580 1701 recte
596 1662 670 1701 esse.
708 1640 778 1714 Quo
792 1645 824 1699 in
838 1661 953 1713 genere
967 1645 1098 1698 maxime
1113 1641 1168 1712 de,-v

270 1744 425 1802 lectarunt
438 1743 517 1802 duae
531 1742 596 1802 fere
612 1744 721 1801 eodem
737 1751 879 1817 tempore
895 1744 949 1802 abs
968 1750 1001 1801 te
1017 1742 1168 1802 Buthroto
1252 1750 1253 1821 ᾗ

271 1844 369 1903 datae.
413 1844 497 1903 Scire
512 1849 595 1903 enim
611 1845 751 1903 volebam
769 1853 803 1903 te
823 1844 981 1903 commode
999 1849 1165 1915 navigasse
1252 1838 1253 1891 ἴ

272 1945 334 2005 Sed
351 1945 427 2003 haec
448 1946 646 2018 epistularum
663 1946 837 2017 frequentia
857 1966 920 2004 non
940 1953 1005 2004 tam
1025 1946 1168 2005 ubertate

272 2064 326 2106 sua
345 2067 435 2133 quam
455 2036 618 2106 crebritate
638 2047 811 2106 delectavit.
862 2046 919 2104 Illa
938 2047 998 2105 fuit
1016 2052 1115 2119 gravis
1136 2057 1169 2107 et

272 2149 364 2221 plena
386 2169 497 2220 rerum,
520 2169 611 2221 quam
633 2149 709 2207 mibi
732 2149 774 2207 M.
802 2149 934 2221 Paccius,
957 2149 1067 2222 hospes
1086 2157 1168 2222 tuus,

272 2251 415 2310 reddidit.
459 2250 510 2309 Ad
531 2271 598 2309 eam
619 2252 781 2309 rescribam
800 2255 895 2322 igitur
913 2258 947 2309 et
966 2251 1024 2309 hoc
1043 2252 1168 2325 quidem
1225 2302 1232 2322 ,

272 2357 411 2423 primum.
457 2351 563 2410 Paccio
576 2356 694 2410 ratione
709 2360 744 2410 et
755 2353 855 2411 verbis
866 2360 900 2411 et
909 2371 943 2410 re
954 2352 1085 2424 ostendi,
1095 2354 1169 2425 quid

273 2460 327 2510 tua
341 2453 564 2512 commendatio
578 2453 721 2525 ponderis
735 2454 871 2512 haberet
916 2452 1026 2526 Itaque
1044 2458 1076 2512 in
1096 2459 1169 2514 inti-

273 2557 330 2612 mis
345 2561 392 2612 est
405 2558 491 2625 meis,
507 2575 576 2612 cum
589 2562 681 2612 antea
695 2562 786 2613 notus
800 2575 862 2612 non
877 2553 992 2614 fuisset.
1134 2626 1136 2630 Α

316 2655 406 2712 Nunc
427 2674 553 2727 pergam
573 2655 613 2713 ad
633 2663 744 2713 cetera
789 2656 893 2727 Varro,
913 2656 953 2714 de
976 2676 1036 2727 quo
1055 2654 1095 2716 ad
1118 2678 1169 2716 me

273 2755 387 2840 scribis,
401 2756 576 2814 includetur
589 2760 621 2813 in
635 2756 768 2828 aliquem
782 2756 893 2827 locum,
907 2761 933 2815 si
947 2757 1037 2815 modo
1052 2759 1169 2819 eritlo·

273 2875 334 2914 cus.
379 2855 441 2915 Sed
461 2861 542 2915 nosti
558 2877 656 2927 genus
675 2857 864 2928 dialogorum
881 2878 1026 2917 meorum.
1073 2860 1168 2920 Utin

273 2961 418 3029 oratoriis
433 2978 508 3030 quos
527 2965 562 3015 tu
581 2963 614 3015 in
633 2959 751 3017 eaelum
771 2959 842 3031 fere,
856 2973 919 3017 non
938 2964 1039 3033 potuit
1052 2967 1170 3020 mentio

272 3058 337 3117 fieri
351 3062 527 3130 cuiusquam
537 3059 575 3116 ab
589 3064 635 3131 iis,
647 3064 699 3131 qui
714 3061 880 3132 disputant,
893 3066 950 3119 nisi
961 3066 1035 3134 eiuS,
1047 3067 1099 3134 qui
1107 3063 1170 3123 'illis

273 3166 363 3216 notus
377 3166 430 3216 aut
449 3158 570 3217 auditus
591 3167 681 3231 esset,
695 3165 739 3218 ita
758 3160 837 3218 banc
859 3181 927 3233 ego,
942 3162 981 3221 de
995 3182 1029 3221 re
1048 3164 1171 3236 publica

357 3271 417 3324 812
