2526 3850
74 1349 133 1408 Sor.
150 1354 245 1407 auctu

74 1453 137 1492 mno
155 1431 222 1490 anni

75 1517 137 1575 698

215 2668 251 2749 d

461 304 632 366 MARCUS
653 306 836 367 TULLIUS
857 308 1009 368 CICERO

192 448 202 464 ⁶
288 425 397 485 Postea
416 446 489 485 vero
511 446 602 498 quam
623 428 777 499 Tyrannio
801 429 877 487 mihi
904 430 997 488 libros
1025 430 1184 503 disposuit,

285 543 373 581 mens
386 522 492 580 addita
502 524 624 581 videtur
636 528 713 582 meis
723 525 858 583 aedibus
882 524 951 597 Qua
965 527 1090 597 quidem
1103 531 1138 584 in
1151 547 1185 586 re
1253 538 1254 555 ¹

284 618 411 677 mirifica
424 638 517 690 opera
531 619 659 691 Dionysi
674 627 707 678 et
729 620 901 693 Menophili
918 627 966 679 tui
984 621 1053 679 fuit
1098 623 1185 680 Nihil

285 719 442 773 venustius
456 734 547 786 quam
561 715 614 773 illa
627 722 681 773 tua
699 724 853 789 pegmata,
867 726 1030 789 postquam
1043 722 1086 775 mi
1101 719 1184 790 silly-

285 800 348 868 bis¹
371 811 463 868 libros
487 810 686 870 illustrarunt.
731 813 815 870 Vale.
860 812 902 872 Et
925 815 1038 872 scribas
1066 814 1106 872 ad
1133 833 1182 871 me

285 906 378 964 velim
392 905 431 965 de
445 906 673 979 gladiatoribus,
687 907 743 965 sed
764 913 817 980 ita,
832 910 912 967 bene
930 914 956 967 si
972 929 1038 968 rem
1057 916 1183 980 genmt3

284 1022 349 1060 non
362 1022 484 1073 quaero,
499 1002 579 1061 niale
593 1008 619 1061 si
633 1023 667 1062 se
680 1023 812 1074 gessere.

685 1170 788 1228 VlIIa

586 1284 690 1322 crcuao
704 1284 811 1323 arrico
826 1285 884 1324 sun

328 1361 451 1433 Apenas
471 1365 520 1417 vix
538 1361 728 1434 discesserat,
744 1383 814 1420 cum
834 1362 972 1434 epistula.
1017 1362 1101 1435 Quid
1119 1365 1186 1421 ais?

288 1455 419 1514 Putasne
448 1456 513 1514 fore
542 1464 577 1514 ut
605 1457 708 1528 legem
736 1478 798 1516 non
822 1458 924 1516 ferat?
968 1458 1036 1529 Dic,
1061 1478 1113 1516 oro
1141 1467 1185 1530 te,
1253 1518 1254 1531 ,

286 1552 412 1621 clarius3
440 1555 491 1609 vix
514 1555 597 1610 enim
623 1553 699 1610 mihi
724 1555 883 1612 exaudisse
908 1553 1020 1612 videor.
1050 1555 1187 1613 ⁴Verum
1253 1588 1254 1595 κ

285 1651 389 1706 statim
411 1647 459 1705 fac
484 1655 520 1705 ut
545 1652 646 1718 sciam,
670 1654 695 1706 si
719 1649 810 1707 modo
832 1632 890 1706 tibi
912 1658 961 1708 est
984 1648 1193 1708 commodum„¹

286 1743 381 1802 LudIs
402 1743 527 1815 quidem
548 1748 691 1814 quoniam
713 1745 779 1802 dies
804 1752 852 1802 est
876 1744 1008 1814 additus,
1030 1764 1067 1802 eo
1091 1748 1186 1802 etiam
1253 1796 1254 1799 ,

285 1839 393 1898 melius
407 1839 458 1898 hic
472 1859 543 1897 eum
557 1839 640 1897 diem
654 1860 723 1898 cum
739 1839 885 1912 Dionysio
899 1848 1098 1898 conteremus.

328 1934 377 1993 De
391 1934 543 1994 Trebonio
556 1955 676 2007 prorsus
694 1937 753 1993 tibi
772 1935 934 1993 adsentior.
980 1935 1028 1993 De
1049 1934 1186 1994 Domitio
1241 1944 1244 1953 ’

431 2054 519 2127 σύκῳ,
536 2055 576 2127 μὰ
589 2054 643 2128 τὴν
657 2055 804 2128 Δήμητρα,
820 2055 912 2114 σῦκον
926 2053 988 2114 οὐδὲ
1002 2057 1032 2114 ἓν

432 2152 519 2215 οὕτως
533 2152 631 2224 ὅμοιον
644 2150 769 2223 γέγονεν,
785 2192 792 2199 »

284 2293 376 2345 quam
391 2279 439 2331 est
457 2276 517 2330 ista
536 2270 706 2342 nestoreos
719 2279 850 2341 nostrae,
864 2272 914 2330 vel
928 2270 1010 2343 quod
1024 2271 1061 2328 ab
1075 2272 1184 2343 isdem,
1253 2270 1254 2289 ¹

286 2362 335 2420 vel
350 2361 432 2433 quod
448 2367 571 2432 praeter
586 2364 770 2433 opinionem,
785 2361 834 2418 vel
851 2361 932 2432 quod
945 2364 1002 2417 viri
1020 2361 1093 2418 boni
1110 2380 1184 2418 nus-

285 2467 396 2522 quam3
418 2468 513 2506 unum
527 2449 682 2520 dissimile,
697 2450 778 2521 quod
797 2448 869 2506 huic
885 2452 1003 2507 merito.
1047 2448 1128 2506 Nam
1142 2450 1183 2508 de

262 2606 266 2617 f
285 2543 352 2611 ipso
374 2557 444 2596 casu
466 2541 570 2596 nescio
592 2558 631 2595 an
653 2538 730 2596 illud
751 2537 869 2596 melius.
914 2535 997 2608 Quid
1019 2541 1103 2594 enim
1125 2537 1184 2596 hoc

253 2640 257 2653 ¹
285 2631 433 2698 miserius,
451 2647 542 2698 quarn
562 2648 642 2698 eum,
659 2632 712 2699 qui
731 2633 779 2685 tot
798 2643 902 2697 annos,
917 2634 992 2697 quot
1010 2625 1114 2696 habet,
1127 2627 1184 2685 de·

287 2721 423 2787 signatus
451 2700 555 2774 consul
584 2716 686 2786 fuerit,
716 2716 780 2772 fieri
809 2715 964 2773 consulein
994 2733 1056 2771 non
1085 2734 1184 2786 posse,

283 2809 465 2878 praesertim
484 2824 554 2862 cum
573 2813 627 2863 aut
648 2805 729 2862 solus
748 2812 801 2862 aut
821 2812 905 2862 certe
922 2823 986 2861 non
1005 2803 1073 2874 plus
1093 2823 1185 2874 quam

286 2913 356 2952 cum
370 2893 467 2952 altero
480 2895 589 2965 petat?
632 2894 664 2952 Si
675 2913 746 2952 vero
756 2893 789 2951 id
800 2900 856 2964 est,
868 2892 950 2963 quod
964 2894 1066 2950 nescio
1079 2911 1120 2949 an
1134 2895 1184 2963 sit,

286 2990 398 3042 utnon
412 2986 512 3040 minus
530 2982 636 3054 longas
653 2987 713 3040 iam
732 2987 765 3039 in
780 2980 990 3040 codicillorum
1001 2979 1087 3039 fastis
1101 2979 1185 3038 futu-

285 3091 388 3132 rorum
411 3071 569 3130 consulum
593 3071 751 3144 paginulas
773 3070 889 3128 habeat
910 3087 1000 3140 quam
1023 3068 1185 3141 ,factorum

320 3180 373 3231 ¹mi
390 3181 496 3246 sillybis
505 3164 611 3230 editors:
624 3179 696 3231 misit
708 3162 754 3230 M·
763 3176 798 3229 sit
806 3179 858 3231 tibi
870 3177 937 3247 NR&
945 3159 1123 3247 sultitiae-2¹.

371 3265 430 3326 292
1056 3270 1066 3294 ²
