2494 3854
434 318 603 388 araneus
625 329 807 389 ruimus
829 307 992 388 cronno

258 457 402 520 utrasque
417 449 477 507 tuis
491 456 592 522 pueris
609 451 703 509 datas.
749 451 867 523 Quibus
879 451 918 509 de
929 452 1019 509 rebus
1031 458 1159 523 propter

260 590 361 628 casum
381 572 543 642 navigandi
563 591 618 643 per
639 573 725 630 binos
745 572 917 630 tabellarios
937 576 1005 629 misi
1030 572 1159 628 Romam

259 691 381 762 publice
394 691 520 750 litteras.

303 811 351 869 De
366 810 465 870 Tullia
475 777 547 870 mea
564 814 620 871 tibi
637 813 792 872 adsentior
808 817 973 885 scripsique
986 811 1026 871 ad
1042 832 1112 870 eam
1126 820 1159 870 et

260 931 299 989 ad
310 931 485 992 Terentiam
496 934 571 992 mihi
582 934 710 1006 placere.
751 933 798 992 Tu
809 937 892 992 enim
902 933 1002 993 adme
1013 937 1074 991 iam
1085 941 1159 991 ante
1235 974 1236 977 η

261 1056 438 1124 scripseras:
460 1040 532 1111 “Ac
547 1054 658 1113 vellem
676 1062 708 1113 te
726 1057 758 1113 in
776 1063 864 1113 tuum
878 1062 1015 1113 veterem
1031 1073 1161 1125 gregem

261 1174 460 1233 rettulisses.”
504 1176 645 1233 Correcta
656 1195 727 1233 vero
738 1176 868 1247 epistula
883 1176 1069 1233 Memmiana
1083 1173 1161 1231 nihil

262 1298 378 1364 negotii
393 1294 467 1364 fuit3
484 1295 581 1353 multo
596 1299 678 1354 enim
693 1295 772 1352 malo
786 1295 868 1353 hunc
882 1315 901 1352 a
915 1294 1056 1352 Pontidia
1070 1313 1162 1365 quam

262 1414 350 1472 illum
362 1435 381 1472 a
392 1416 525 1474 Servilia.
563 1414 665 1488 Quare
678 1416 827 1487 adiunges
843 1415 999 1475 Saufeium
1013 1421 1162 1483 nostrum,

189 1536 192 1541 ’
263 1534 419 1592 hominem
446 1555 567 1607 semper
594 1544 748 1595 amantem
777 1540 848 1606 mei,
877 1555 969 1606 nunc,
994 1535 1096 1604 credo,
1126 1554 1173 1592 eo·

263 1658 369 1726 magis,
387 1656 468 1726 quod
488 1657 582 1716 dehet
602 1662 695 1715 etiam
714 1657 814 1716 fratris
834 1656 916 1730 Appi
936 1675 1070 1714 amorem
1090 1674 1164 1726 erga

264 1795 313 1833 me
333 1795 402 1833 cum
421 1777 537 1849 reliqua
556 1778 729 1837 hereditate
749 1782 893 1846 crevisse;
915 1781 967 1848 qui
987 1774 1171 1845 declaravit·

265 1900 370 1967 quanti
387 1916 437 1955 me
452 1896 577 1968 faceret,
592 1919 662 1956 cum
679 1919 769 1971 saepe
784 1906 850 1956 tum
867 1902 899 1954 in
917 1897 1019 1956 Bursa.
1063 1895 1113 1953 Ne
1129 1904 1164 1954 tu

264 2035 314 2074 me
328 2016 532 2076 sollicitudine
546 2038 657 2090 magna
670 2019 814 2077 liberaris.
897 2055 901 2062 ·

269 2146 274 2223 Ἰ
308 2136 400 2195 Furni
425 2143 565 2210 exceptio
586 2139 660 2225 mihi
682 2160 744 2197 non
765 2139 885 2211 placet;
914 2158 972 2196 nec
998 2140 1080 2194 enim
1106 2158 1165 2209 ego

265 2250 360 2308 ullum
380 2252 461 2310 aliud
481 2261 603 2324 tempus
622 2258 726 2323 timeo,
745 2257 803 2310 nisi
822 2251 903 2323 quod
922 2250 974 2308 ille
993 2249 1092 2307 solum
1111 2270 1165 2308 ex·

266 2369 347 2436 cipit.
393 2365 455 2424 Sed
472 2367 634 2424 scriberem
653 2366 692 2424 ad
710 2374 744 2424 te
762 2365 801 2423 de
818 2365 876 2422 hoc
893 2363 988 2436 plura,
1003 2366 1027 2420 si
1049 2362 1165 2420 Romae

267 2498 355 2537 esses.
402 2479 439 2537 In
458 2479 601 2552 Pompeio
615 2489 648 2539 te
663 2500 749 2553 spem
763 2498 886 2537 omnem
900 2481 955 2535 otii
972 2495 1087 2549 ponere
1102 2497 1166 2535 non

266 2597 364 2650 miror.
414 2593 462 2651 Ita
489 2614 537 2652 res
567 2602 623 2665 est,
648 2592 927 2664 removendumque
952 2611 1062 2651 censeo
1087 2590 1166 2649 illud

267 2692 563 2766 “dissimulantem''
597 2707 660 2767 Sed
674 2713 756 2766 enim
768 2704 914 2778 οἰκονομία
925 2710 949 2764 si
960 2706 1166 2777 perturbatior

268 2827 324 2891 est,
340 2822 396 2878 tibi
410 2827 569 2893 assignato.
615 2823 659 2879 Te
675 2826 757 2882 enim
771 2841 881 2893 sequor
894 2815 1090 2892 excitatione.

310 2935 469 2995 Cicerones
480 2942 566 3009 pueri
576 2945 681 2996 amant
691 2941 772 2995 inter
780 2955 823 3006 se,
832 2935 964 3005 discunt,
973 2941 1167 3003 exercentur,

268 3049 323 3108 sed
333 3049 420 3121 alter,
432 3055 478 3109 uti
489 3050 567 3109 dixit
579 3052 726 3108 isocrates
737 3054 769 3107 in
781 3048 903 3120 Ephoro
914 3056 948 3107 et
957 3046 1166 3120 Theopompo,

268 3163 362 3221 irenis
382 3172 463 3236 eget,
482 3164 561 3224 alter
580 3165 752 3223 calcaribus.
797 3161 913 3235 Quinto
934 3170 1039 3233 togam
1061 3181 1168 3233 puram

355 3276 415 3337 426
