2494 3854
438 305 608 365 MARCUS
629 305 811 365 TULLIUS
833 305 983 365 CICERO

261 439 387 498 viderat.
433 439 514 498 Illud
542 447 646 498 autem
674 448 796 512 tempus
822 443 984 512 quotannis
1013 448 1087 498 ante
1109 461 1158 499 me

263 544 363 606 fuerat
384 551 416 605 in
439 548 497 607 hoc
520 556 656 620 quaestu.
702 549 848 620 Civitates
870 547 1050 621 locupletes,
1070 567 1111 606 ne
1127 552 1157 606 in

263 655 391 714 hiberna
409 657 522 716 milites
539 661 722 730 reciperent,
736 677 862 728 magnas
878 647 1021 729 pecunias
1036 656 1158 727 dabant,

264 763 366 836 Cyprii
400 765 519 824 talenta
554 765 659 824 Attica
694 785 747 835 cc;
783 786 843 837 qua
877 785 915 824 ex
950 765 1049 824 insula
1084 751 1157 834 (non

264 871 474 945 ὑπερβολικῶς,
496 873 551 932 sed
574 879 728 933 verissime
753 862 873 945 loquor)
897 893 1039 932 nummus
1059 872 1158 931 nullus

263 1000 313 1038 me
328 982 488 1044 obtinente
504 983 687 1054 erogabitur.
725 982 776 1041 Ob
789 982 866 1041 haec
880 982 1038 1053 beneficia,
1052 983 1160 1053 quibus

264 1089 309 1146 illi
323 1091 552 1162 obstupescunt,
567 1091 668 1149 nullos
682 1091 812 1149 honores
826 1090 902 1148 mihi
921 1095 980 1148 nisi
1000 1090 1161 1148 verborum
1174 1074 1178 1081 ¹
1232 1098 1233 1101 ’

264 1196 388 1255 decerni
411 1203 486 1270 sino,
512 1206 637 1270 statuas,
658 1198 738 1270 fana,
758 1197 901 1270 τέθριππα
923 1198 1081 1270 prohibeo,
1102 1218 1162 1256 nec
1228 1274 1229 1277 Ἴ

264 1324 331 1363 sum
344 1310 377 1364 in
391 1306 454 1365 ulla
467 1306 570 1364 realia
583 1307 729 1365 molestus
745 1294 1014 1365 civitatibus—sed
1033 1306 1162 1365 fortasse

264 1414 331 1486 tibi,
341 1418 392 1484 qui
407 1414 483 1472 haec
498 1415 671 1487 praedicem
687 1416 799 1474 deme.
839 1414 953 1485 Perfer,
965 1419 990 1472 si
1000 1434 1051 1473 me
1063 1433 1162 1484 amas;

264 1528 299 1578 tu
314 1525 396 1579 enim
410 1542 461 1580 me
475 1522 551 1580 haec
565 1523 665 1582 facere
680 1499 808 1582 uoluisti.
855 1523 919 1581 Iter
935 1527 1029 1594 igitur
1043 1526 1087 1580 ita
1108 1543 1164 1595 per

265 1622 369 1681 Asiam
388 1623 458 1697 feci,
475 1633 511 1683 ut
531 1629 624 1683 etiam
640 1612 746 1696 fames,
766 1645 825 1696 qua
847 1625 923 1683 nihil
943 1629 1081 1683 miserius
1104 1634 1163 1698 est,

265 1743 342 1795 quae
357 1733 424 1784 tum
438 1734 504 1784 erat
520 1731 553 1784 in
572 1726 647 1784 haec
665 1747 733 1784 mea
750 1728 823 1785 Asia
842 1713 961 1796 (messis
981 1730 1064 1783 enim
1078 1727 1164 1784 nulla
1228 1752 1229 1759 ¹

264 1815 389 1900 fuerat),
402 1828 478 1886 mihi
496 1828 629 1901 optanda
649 1829 750 1887 fuerit.
795 1827 995 1901 Quacumque
1015 1832 1074 1885 iter
1091 1826 1163 1899 feci,

265 1927 349 1985 nulla
371 1933 411 2000 vi,
425 1929 509 1988 nullo
529 1930 650 2002 iudicio,
667 1930 751 1988 nulla
768 1929 962 2000 contumelia,
980 1932 1164 1988 auctoritate

265 2036 298 2086 et
313 2029 521 2090 cohortatione
532 2031 657 2105 perfeci,
667 2038 703 2089 ut
718 2039 751 2089 et
765 2032 875 2090 Graeci
889 2038 923 2089 et
931 2035 1011 2088 cives
1024 2029 1164 2101 Romani,

265 2134 317 2202 qui
341 2132 530 2191 frumentum
555 2140 805 2204 compresserant,
831 2151 976 2203 magnum
1000 2150 1164 2190 numerum
1216 2188 1221 2197 ,

265 2232 383 2305 populis
414 2233 638 2305 pollicerentur.
690 2233 795 2291 Idibus
821 2230 1001 2303 Februariis,
1029 2251 1091 2302 quo
1113 2232 1166 2292 die

265 2332 320 2391 has
344 2333 461 2392 litteras
490 2334 572 2405 dedi,
595 2334 695 2392 forum
718 2339 911 2392 institueram
935 2352 1026 2404 agere
1053 2332 1166 2393 Laodi-

266 2454 337 2493 ceae
361 2436 566 2508 Cibyraticum
588 2444 621 2494 et
643 2437 827 2509 Apamense,
851 2455 889 2493 ex
915 2433 1023 2508 Idibus¹
1043 2435 1167 2494 Martiis

265 2536 379 2595 ibidem
394 2537 603 2609 Synnadense,
624 2537 836 2609 Pamphylium
850 2524 931 2605 (tum
955 2535 1083 2593 Phemio
1103 2537 1166 2595 dis-

265 2643 375 2709 piciam
409 2627 511 2710 κέρας),
544 2639 739 2710 Lycaonium,
769 2637 950 2705 Isauricum3
982 2656 1020 2694 ex
1058 2636 1167 2696 Idibus

267 2740 355 2799 Maiis
377 2745 409 2799 in
435 2741 580 2814 Ciliciam,
595 2748 630 2798 ut
653 2741 696 2798 ibi
720 2738 825 2797 Iunius
846 2744 1051 2809 consumatur,
1070 2739 1167 2798 velim

265 2843 429 2914 tranquille
444 2864 462 2901 a
477 2842 603 2900 Parthis
650 2839 825 2913 QuinctiliS,
841 2843 866 2897 si
881 2843 950 2911 erit,
964 2846 1000 2896 ut
1014 2837 1169 2913 volumuS,

265 2948 297 3001 in
322 2949 433 3004 itinere
462 2952 510 3003 est
534 2963 589 3016 per
617 2945 802 3015 provinciam
830 2940 1030 2999 redeuntibus
1055 2961 1168 3001 consu-

264 3048 402 3107 mendus.
447 3047 593 3105 Venimus
613 3049 695 3103 enirn
716 3048 748 3101 in
772 3047 957 3115 provinciam
980 3041 1169 3102 Laodiceam

265 3151 398 3223 Sulpicio
413 3157 446 3208 et
460 3147 606 3207 Marcello
621 3145 793 3204 consulibus
805 3143 902 3217 pridie
919 3141 1075 3202 Kalendas
1090 3144 1168 3204 Sex·

350 3265 411 3317 404
