2494 3854
455 339 624 398 Marcus
646 308 828 398 ruamus
850 339 1001 397 crunno

281 460 472 534 Cappadocia
485 480 518 519 se
533 460 654 519 excludi
674 467 826 532 putarent
871 459 948 518 Cum
962 459 1027 519 dies
1041 464 1174 533 quinque

278 561 319 620 ad
343 562 482 633 Cybistra
508 561 715 635 Cappadociae
740 569 837 619 castra
862 560 1044 632 habuissem,
1064 565 1174 620 certior

280 683 348 722 sum
366 663 464 721 factus
487 662 613 721 Parthos
627 664 666 720 ab
681 662 733 720 illo
747 662 833 721 aditu
855 662 1061 735 Cappadociae
1082 661 1173 734 longe
1237 692 1238 753 3

277 766 392 836 abesse,
408 765 530 823 Ciliciae
551 769 648 835 magis
669 769 837 822 imminere.
884 764 992 835 ltaque
1014 763 1174 823 confestim
1237 758 1238 797 ἶ

277 871 337 924 iter
353 871 385 924 in
407 866 541 924 Ciliciam
562 866 622 924 feci
643 886 698 938 per
719 866 811 924 Tauri
833 865 926 938 pylaa
964 865 1091 924 Tarsum
1105 871 1173 924 veni
1237 864 1238 903 ³

277 968 399 1027 adm
423 968 526 1025 Nonas
550 968 710 1027 Octobres
757 967 835 1026 Inde
864 967 903 1025 ad
926 967 1080 1026 Amanum
1103 988 1174 1027 con-

277 1070 375 1140 tendi,
404 1074 456 1142 qui
490 1069 608 1141 Syriam
636 1089 653 1126 a
682 1069 786 1127 Cilicia
814 1073 847 1126 in
874 1089 1019 1141 aquarum
1046 1069 1176 1128 divertio
1237 1086 1238 1111 ¹

280 1173 405 1241 dividit;
427 1177 478 1243 qui
495 1192 583 1229 mons
605 1179 670 1230 erat
690 1171 825 1229 hostium
846 1171 955 1243 plenus
976 1176 1176 1244 sempiterno-

280 1295 355 1332 rum.
401 1275 463 1331 Hic
477 1294 502 1331 a.
519 1273 548 1331 d.
565 1293 598 1331 111
621 1272 694 1331 Idus
714 1274 838 1333 Octobr.
855 1293 1001 1357 magnum
1014 1294 1177 1332 numerum
1237 1284 1238 1289 ’

278 1375 413 1434 hostium
436 1375 607 1433 occidimus.
652 1374 784 1433 Castella
805 1378 1006 1433 munitissima
1026 1383 1178 1435 nocturno
1237 1392 1238 1407 ¹

281 1477 435 1550 Pomptini
449 1476 594 1547 adventu,
605 1485 709 1535 nostro
723 1481 874 1534 matutino
885 1481 1029 1549 cepimus,
1038 1478 1178 1541 incendi-

279 1597 353 1636 mus.
400 1574 602 1651 Imperatores
623 1578 769 1650 appellati
792 1597 902 1636 sumus.
947 1578 1051 1636 Castra
1065 1598 1178 1650 paucos

280 1680 345 1739 dies
358 1680 518 1737 habuimus
533 1700 570 1738 ea
583 1685 657 1751 ipsa,
672 1699 751 1751 quae
766 1688 871 1737 contra
886 1679 1013 1737 Darium
1027 1679 1178 1740 habuerat
1237 1676 1238 1685 ¹

278 1781 360 1852 apud
376 1780 473 1839 Issum
487 1780 673 1852 Alexander,
688 1785 853 1852 imperator
866 1780 949 1839 haud
964 1781 1055 1852 paulo
1068 1781 1178 1840 melior

279 1902 370 1955 quam
398 1889 452 1939 aut
479 1889 515 1939 tu
543 1889 597 1939 aut
625 1902 690 1953 ego.
737 1882 783 1939 Ibi
812 1882 878 1940 dies
904 1886 1039 1953 quinque
1066 1889 1179 1942 morati

279 1984 400 2055 direpto
415 1990 448 2041 et
461 1990 579 2041 vastato
594 1983 713 2041 Amano
728 1983 801 2042 inde
816 1984 1014 2042 discessimus.
1048 1983 1179 2043 Interim
1237 2002 1238 2007 ’

279 2073 351 2154 (scis
373 2089 455 2144 enim
476 2085 536 2142 dici
558 2085 707 2156 quaedam
728 2084 842 2156 πανικοί,
866 2085 926 2144 dici
951 2090 1027 2144 item
1051 2085 1089 2144 τὰ
1112 2088 1180 2146 κενὰ

280 2187 331 2246 τοῦ
352 2175 494 2258 πολέμου)
514 2207 634 2245 rumore
655 2186 805 2245 adventus
826 2191 922 2245 nostri
944 2196 977 2246 et
997 2188 1111 2260 Cassio,
1126 2194 1180 2261 qui

281 2288 445 2346 Antiochia
476 2290 650 2359 tenebatur,
678 2292 796 2346 animus
827 2293 966 2360 accessit,
992 2297 1025 2346 et
1057 2288 1180 2349 Parthis
1237 2304 1238 2309 ’

280 2395 371 2448 timor
384 2395 515 2448 iniectus
534 2398 589 2448 est.
635 2390 743 2462 ltaque
765 2410 816 2448 eos
838 2390 984 2449 cedentes
998 2391 1043 2448 'ab
1064 2392 1181 2464 oppido
1237 2386 1238 2399 ³

281 2492 398 2560 Cassius
427 2496 581 2549 insecutus
604 2511 669 2548 rem
694 2492 773 2549 bene
799 2496 901 2562 gessit.
947 2491 1016 2564 Qua
1042 2496 1076 2549 in
1104 2493 1181 2565 fuga

281 2607 392 2658 magna
419 2592 601 2645 auctoritate
629 2587 742 2646 Osaces
771 2587 833 2646 dux
862 2587 1042 2646 Parthorum
1067 2588 1180 2649 vulnus
1237 2636 1238 2645 ,

279 2694 398 2761 accepit
419 2709 516 2762 eoque
537 2693 654 2747 interiit
675 2694 777 2760 paucis
798 2698 868 2762 post
888 2689 1003 2748 diebus
1030 2672 1126 2749 ¹Erat
1147 2697 1181 2749 in

280 2790 366 2862 Syria
379 2798 516 2849 nostrum
530 2810 643 2848 nomen
657 2795 689 2848 in
708 2795 813 2861 gratia.
837 2791 931 2849 Venit
945 2795 1070 2849 interim
1085 2792 1180 2852 Bibu-

280 2891 343 2961 lus;
365 2892 465 2963 credo,
480 2892 576 2950 voluit
596 2891 801 2963 appellatione
822 2892 880 2950 hac
899 2897 983 2950 inani
1003 2894 1092 2952 nobis
1112 2913 1181 2953 esse

280 3014 341 3065 par.
387 2993 424 3050 ln
438 2993 547 3052 eodem
562 2993 681 3050 Amano
696 2997 796 3066 coepit
815 2993 960 3052 loreolam
974 2999 1006 3051 in
1020 3004 1181 3055 mustaceo

280 3109 433 3161 quaerere.
478 3089 522 3147 At
540 3088 593 3146 ille
608 3089 764 3147 cohortem
783 3094 912 3161 primam
929 3098 1026 3149 totam
1041 3092 1182 3162 perdidit

280 3189 550 3256 centurionemque
564 3189 655 3267 primi
668 3184 731 3257 pili,
746 3184 882 3244 nobilem
896 3191 942 3244 sui
960 3192 1095 3259 generis,
1111 3189 1182 3247 Asi-

365 3287 424 3347 390
