2512 3958
444 456 614 520 MARCUS
635 459 817 520 TULLIUS
839 459 988 520 CICERO

268 581 320 639 ille
340 581 423 639 loeus
445 580 587 639 inductus
601 602 620 637 a
633 601 683 639 me
698 589 748 639 est
766 581 920 651 divinitus
935 601 975 639 ne
995 602 1055 638 una
1074 580 1168 653 plaga

268 696 393 760 accepta
408 696 509 760 patres
524 693 686 760 conscripti
706 689 911 759 conciderent,
926 709 966 747 ne
981 688 1151 746 deficerent
1159 708 1168 758 ;

269 797 377 855 vulnus
392 817 457 855 esse
473 802 536 855 eius
551 798 643 868 modi,
658 797 739 868 quod
753 797 828 855 mihi
843 817 900 854 nee
914 796 1168 855 dissimulandum

268 925 326 963 nee
354 905 631 976 pertimescendum
654 906 818 976 videretur,
847 926 887 963 ne
915 912 969 964 aut
996 905 1168 977 ignorando

269 1013 438 1072 stultissimi
463 1021 516 1072 aut
544 1014 711 1072 metuendo
736 1017 920 1085 ignavissimi
948 1014 1167 1082 iudicaremur3

268 1123 314 1180 bis
335 1122 507 1180 absolutum
530 1116 595 1180 esse
620 1120 795 1194 Lentulum,
820 1123 865 1180 bis
888 1123 1058 1194 Catilinam,
1082 1121 1167 1179 hune

266 1225 394 1289 'tertium
408 1235 468 1289 iam
483 1250 549 1289 esse
563 1251 581 1288 a
595 1231 744 1290 iudicibus
758 1235 869 1289 iurem
884 1230 1036 1303 publicam
1051 1234 1166 1288 immis-

269 1359 342 1398 sum.
378 1326 398 1352 “
404 1339 503 1411 Erras,
515 1339 617 1409 Clodi3
639 1359 701 1397 non
715 1347 748 1398 te
762 1339 877 1398 iudices
891 1340 968 1410 urbi,
984 1338 1038 1398 sed
1053 1343 1167 1397 carceri

269 1456 469 1519 reservarunt,
485 1468 585 1519 neque
600 1456 633 1506 te
647 1452 780 1506 retinere
795 1452 827 1505 in
843 1451 976 1519 civitate,
991 1447 1045 1506 sed
1060 1446 1166 1506 exsilio

268 1560 385 1627 privare
400 1556 569 1627 voluerunt.
614 1555 714 1628 Quam
729 1558 856 1626 obrem,
871 1563 973 1628 patres
993 1560 1165 1628 conscripti,

269 1668 378 1735 erigite
392 1669 517 1734 animos,
533 1669 665 1723 retinete
680 1672 812 1722 vestram
826 1664 1017 1736 dignitatem.
1057 1665 1166 1722 Manet

269 1773 320 1830 illa
334 1777 366 1830 in
381 1793 413 1830 re
429 1772 549 1844 publiea
570 1773 719 1830 bonorum
736 1777 910 1841 consensi03
932 1772 1018 1830 dolor
1038 1776 1166 1830 accessit

268 1882 355 1939 bonis
369 1885 449 1951 viriS,
461 1886 556 1939 virtus
572 1901 634 1938 non
649 1888 697 1938 est
711 1885 886 1948 imminuta3
908 1881 985 1938 nihil
1000 1888 1048 1938 est
1062 1880 1164 1938 damni

269 1989 384 2047 factum
398 1994 478 2060 novi,
493 1989 557 2059 sed,
573 1989 654 2060 quod
669 1996 744 2060 erat,
759 1993 919 2047 inventum
934 1996 989 2047 est.
1024 1988 1061 2045 In
1076 1992 1164 2046 unius

269 2097 399 2155 hominis
413 2098 526 2169 perditi
544 2097 655 2155 iudicio
677 2098 778 2169 plures
798 2097 910 2155 similes
929 2101 1043 2168 reperti
1063 2097 1162 2154 sunt.’'
1237 2135 1238 2147 i

270 2206 331 2265 Sed
346 2196 419 2277 huid
433 2207 509 2277 ago?
531 2205 630 2280 paene
645 2210 813 2263 orationem
827 2210 859 2262 in
871 2204 1032 2276 epistulam
1047 2204 1161 2294 inclusjl

271 2314 374 2372 Redeo
402 2315 441 2372 ad
469 2315 707 2372 altercationem.
715 2289 853 2384 ”iungit
880 2312 1051 2385 pulchellus
1079 2332 1163 2384 puer,
1229 2314 1236 2319 “

269 2424 362 2481 obicit
375 2423 451 2480 mihi
465 2443 514 2480 me
529 2423 568 2481 ad
588 2422 674 2479 Baias
694 2421 794 2480 fuisse.
840 2421 970 2493 Falsum,
986 2421 1040 2479 sed
1060 2427 1163 2478 tamen

269 2530 342 2601 quid
365 2529 441 2588 hoc?
464 2516 594 2589 “Simile
619 2530 695 2601 est‚”
717 2535 850 2601 inquam,
871 2515 981 2600 “quasi
1003 2533 1036 2586 in
1059 2535 1163 2600 operto
1232 2531 1235 2537 ”

269 2638 350 2697 dicas
365 2638 486 2696 fuisse.”
510 2624 648 2710 “Quid,”
662 2642 771 2710 inquit,
785 2623 927 2695 “homini
941 2636 1082 2709 Arpinati
1096 2657 1163 2694 eum

269 2751 353 2818 aquis
379 2746 525 2804 calidis?'’
579 2732 728 2817 “Narra''
760 2749 893 2817 inquam,
920 2730 1073 2816 “patrono
1101 2752 1162 2815 tuo,

270 2859 321 2925 qui
331 2855 486 2926 Arpinatis
495 2874 587 2925 aquas
596 2854 793 2925 concupivit’'
805 2873 812 2923 ;
824 2858 904 2911 nosti
916 2857 998 2910 enim
1011 2841 1161 2910 Marinas¹

271 2949 491 3036 “Quousque”
508 2967 617 3034 inquit,
634 2948 741 3019 “hunc
755 2981 860 3033 regem
875 2961 1050 3019 feremus?'’
1082 2947 1162 3018 “Re-

269 3091 341 3142 gem
362 3069 525 3142 appellaS‚”
548 3075 681 3142 inquam,
703 3056 797 3128 “cum
823 3070 887 3127 Rex
912 3073 957 3127 tui
978 3074 1162 3128 mentionem

270 3179 385 3237 nullam
400 3178 568 3248 feeerit?'';
582 3178 635 3237 ille
649 3186 752 3237 autem
777 3178 867 3249 Regis
889 3154 1093 3236 hereditatem
1114 3196 1163 3248 spe
1237 3240 1238 3253 χ

451 3300 609 3350 ¹Marianas
623 3301 697 3350 Rom.
712 3301 772 3349 and
785 3317 869 3364 many
880 3301 985 3349 editors.

356 3411 394 3461 58
