2526 3850
425 383 595 444 MARCUS
616 383 799 444 TULLIUS
820 382 971 443 CICERO

294 506 342 565 D'e
356 525 390 566 re
406 505 499 565 Piliae
510 506 592 579 quod
607 506 721 577 scribis,
731 510 789 564 erit
803 503 879 564 mihi
893 500 990 563 curae.
1021 504 1148 562 Etenim

252 616 299 666 est
313 607 469 666 luculenta
483 628 531 666 res
546 607 712 679 Aureliani,
722 615 758 666 ut
772 608 885 678 scribis,
900 605 1027 664 indiciis.
1059 604 1101 663 Et
1115 609 1149 663 in

253 727 290 767 eo
304 730 353 767 me
369 713 462 768 etiam
479 709 597 767 Tulliae
611 729 698 767 meae
713 709 884 768 venditabo.
929 708 1069 766 Vestorio
1085 727 1149 764 non

252 811 367 870 desum
412 811 541 869 Gratum
556 815 639 868 enim
649 812 707 869 tibi
717 810 749 868 id
760 830 827 869 esse
837 809 986 881 intellego
997 817 1040 880 et,
1049 817 1085 866 ut
1095 808 1148 867 ille

252 911 424 984 intellegat,
446 932 525 970 curo.
570 912 632 971 Sed
653 916 720 983 scis,
741 917 801 983 qui.
852 913 929 970 Cum
954 910 1067 969 habeat
1088 909 1149 968 duo

252 1014 367 1085 faciles,
381 1013 458 1072 nihil
473 1013 629 1072 difficilius.

295 1116 385 1174 Nunc
407 1115 447 1174 ad
470 1136 516 1187 ea,
535 1135 613 1187 quae
636 1120 755 1187 quaeris
778 1116 817 1174 de
841 1116 872 1173 C.
895 1116 1018 1174 Catone.
1064 1114 1149 1186 Lege

254 1218 342 1277 lunia
356 1226 389 1276 et
404 1218 520 1276 Licinia
528 1201 588 1276 scis
598 1217 786 1287 absolutum3
809 1217 892 1276 Fufia
903 1218 1029 1288 egotibi
1040 1221 1149 1274 nuntio

252 1319 425 1378 absolutum
436 1323 472 1376 iri
483 1338 583 1390 neque
594 1321 729 1390 patronis
740 1323 801 1376 suis
809 1326 873 1376 iam
883 1318 1049 1376 libentibus
1058 1336 1150 1388 quam

252 1421 483 1479 accusatoribus
528 1420 558 1478 Is
569 1427 674 1478 tamen
686 1428 719 1478 et
729 1440 850 1477 mecum
861 1428 894 1478 et
905 1439 973 1478 cum
989 1418 1106 1477 Milone
1117 1423 1150 1476 in

253 1505 383 1593 gratiam
399 1521 499 1579 rediit.
544 1504 660 1579 Drusus
681 1541 751 1579 reus
773 1529 820 1579 est
841 1521 939 1579 factus
959 1542 977 1578 a
997 1521 1148 1579 Lucretio.

255 1621 409 1680 iudicibus
417 1620 578 1680 reiciendis
587 1621 652 1680 dies
662 1630 709 1680 est
718 1622 818 1680 dictus
825 1613 834 1650 ¹
841 1643 866 1679 a.
875 1623 903 1681 d.
915 1643 933 1679 v
942 1620 1148 1694 NonQuinct,

256 1725 304 1783 De
320 1722 448 1781 Procilio
461 1743 596 1782 rumores
607 1743 669 1780 non
684 1723 766 1794 boni,
777 1724 832 1783 sed
842 1724 952 1782 iudicia
962 1728 1051 1782 nosti
1077 1724 1151 1781 Hir·

255 1845 306 1884 rue
321 1845 391 1883 cum
408 1824 545 1882 Domitio
559 1829 592 1881 in
605 1829 704 1896 gratia·
720 1832 775 1882 est.
820 1815 951 1884 Senatus
968 1825 1151 1896 consultum,

256 1926 338 1998 quod
357 1925 390 1983 hi
410 1926 548 1984 consules
568 1925 608 1984 de
627 1928 788 1997 provinciis
807 1925 958 1997 fecerunt,
974 1914 1152 1998 Qvicuuovu
1239 1900 1240 1951 l

256 2045 386 2085 possano
401 2061 452 2099 —,
467 2047 529 2084 non
543 2027 618 2084 mihi
633 2028 755 2086 videtur
769 2048 835 2086 esse
849 2024 1030 2085 valiturum(

172 2130 194 2179 ii.
299 2128 348 2188 De
370 2127 512 2188 Messalla
533 2128 616 2199 quod
636 2133 764 2200 quaeris,
787 2128 861 2200 quid
882 2129 1020 2200 scribam,
1039 2133 1149 2197 nescio.
1239 2176 1240 2179 η

255 2230 431 2301 Numquam
443 2250 501 2302 ego
515 2230 578 2288 vidi
591 2238 654 2288 iam
669 2250 756 2301 pates
771 2229 955 2289 candidatos.
992 2229 1152 2289 Messallae

218 2324 220 2329 ’
256 2337 356 2408 copias
368 2317 456 2390 nosti
481 2330 626 2391 Scaurum
637 2331 768 2389 Tnarius
779 2350 866 2390 reum
875 2331 956 2389 fecit.
986 2332 1017 2391 Si
1023 2336 1153 2403 quaeris,

256 2420 341 2491 nulla
362 2440 410 2491 est
430 2452 541 2504 magno
561 2452 652 2504 opere
675 2440 825 2491 commota
843 2432 1016 2505 συμπάθεια,
1031 2431 1085 2491 sed
1106 2442 1153 2493 ta-

255 2553 328 2592 men
342 2532 437 2591 habet
451 2533 589 2592 aedilitas
605 2538 668 2592 eius
683 2539 859 2592 memoriam
873 2555 936 2592 non
949 2539 1110 2618 ingratam,
1121 2544 1154 2594 et

257 2616 304 2695 est
318 2635 437 2708 pondus
450 2635 532 2707 apud
542 2640 669 2693 rusticos
684 2640 716 2693 in
730 2640 824 2708 patris
834 2641 987 2703 memoria
1033 2615 1160 2709 Reliqui·

256 2737 318 2796 duo
328 2737 441 2809 plebeii
451 2742 494 2795 sic
503 2744 762 2808 exaequantur,ut
772 2736 1029 2796 Domitiusvaleat
1039 2743 1153 2810 amicis,
1239 2726 1240 2741 ³

255 2838 415 2897 adiuvetur
428 2846 533 2897 tamen
547 2858 610 2896 non
623 2829 719 2896 ιιίὴί]2
726 2842 897 2910 gratissimo
908 2859 1044 2910 munere,
1054 2839 1154 2899 Mem·
1169 2904 1175 2919 ,
1239 2844 1240 2917 l

255 2942 334 2999 mius
349 2939 482 2999 Caesaris
497 2939 727 2998 commendetur
741 2940 898 3013 militibus,
912 2941 1036 3013 Pompei
1053 2942 1154 3001 Gallia

256 3046 379 3101 nitatur.
425 3040 543 3114 Quibus
554 3046 649 3100 sinon
662 3042 800 3114 valuerit,
809 3051 921 3114 putant
932 3042 997 3103 fore
1008 3043 1155 3117 aliquem,

447 3157 521 3208 ¹dies
532 3164 575 3208 est
586 3158 684 3220 dicius,
699 3159 789 3208 added
796 3159 830 3222 by
840 3159 964 3224 Madvig.

495 3220 579 3273 2nihil
592 3225 681 3273 added
690 3224 724 3288 hy
742 3224 900 3289 Wesenberg.

341 3329 400 3389 316
