2480 3862
427 332 601 396 MARCUS
618 332 802 394 TULLIUS
823 330 975 392 CICERO

252 459 430 530 comedisse,
444 460 603 517 Caesarem
619 461 652 515 in
670 458 803 515 Nemore
816 454 1005 513 aedificando
1018 452 1155 525 diligen-

252 572 363 625 tiorem
373 567 446 625 fore.
484 567 573 624 Haec
583 585 642 637 ego
653 584 692 622 ex
703 565 735 622 P.
746 564 854 634 Vedio,
862 583 975 634 magno
985 562 1155 633 nebulone,

254 675 309 734 sed
335 675 460 747 Pompei
484 682 589 731 tamen
614 673 764 743 familiari,
789 671 898 729 audivi.
949 672 1011 728 Hic
1036 670 1156 728 Vedius

253 783 329 841 mibi
343 783 463 841 obviam
476 787 562 841 venit
575 802 646 839 cum
660 781 778 839 duobus
792 779 906 839 essedis
918 788 952 838 et
961 778 1054 837 raeda
1065 782 1155 850 equis

254 896 358 949 iuncta
370 898 406 949 et
421 890 531 948 lectica
548 898 581 948 et
597 889 712 947 familia
727 909 849 960 magna,
863 907 919 960 pro
935 907 1004 959 qua,
1018 892 1045 945 si
1062 887 1155 945 Curio

253 999 357 1070 legem
376 978 548 1071 pertulerit,
564 998 621 1057 HS
642 1005 789 1055 centenos
809 996 927 1069 pendat
946 1015 1073 1053 necesse
1094 1003 1153 1053 est
1226 1052 1234 1087 ,ὁ

256 1106 331 1165 Erat
344 1115 502 1180 praeterea
521 1105 744 1178 cynocephalus
762 1109 796 1162 in
815 1104 932 1176 essedo,
946 1124 1004 1162 nec
1023 1103 1157 1162 deerant
1227 1098 1233 1167 ¹,

256 1220 369 1287 onagri
414 1215 589 1286 Numquam
605 1213 668 1272 vidi
685 1213 842 1272 hominem
860 1217 1046 1284 nequiorem.
1090 1212 1157 1271 Sed

256 1331 428 1382 extremum
455 1323 535 1380 audi.
588 1322 774 1380 Deversatus
799 1330 847 1380 est
875 1320 1044 1379 laodiceae
1071 1320 1156 1393 apud

258 1431 435 1503 Pompeium
446 1430 633 1488 Vindullum.
678 1430 726 1488 lbi
737 1450 791 1488 sua
801 1429 950 1501 deposuit,
966 1449 1037 1486 cum
1049 1428 1090 1487 ad
1104 1449 1155 1487 me

256 1538 410 1611 profectus
425 1546 480 1596 est.
525 1539 657 1597 Moritur
673 1542 798 1596 interim
811 1537 989 1607 Vindullus;
1009 1556 1090 1608 quae
1106 1557 1154 1597 res

255 1647 296 1705 ad
306 1647 455 1717 Magnum
467 1647 646 1718 Pompeium
656 1651 811 1718 pertinere
821 1647 993 1718 putabatur.
1027 1645 1059 1703 C.
1071 1646 1154 1705 Ven-

256 1758 365 1813 nonius
379 1754 504 1812 domum
518 1754 655 1813 Vindulli
670 1759 762 1813 venit.
806 1754 884 1811 Cum
897 1759 998 1811 omnia
1011 1754 1153 1826 obsigna·

256 1870 314 1933 ret,
334 1867 367 1920 in
386 1862 537 1920 Vedianas
557 1883 606 1920 res
626 1862 742 1921 incidit.
789 1863 826 1919 ln
847 1862 894 1919 his
914 1845 1058 1919 inventae
1081 1871 1154 1923 sunt

256 1974 391 2041 quinque
415 1970 627 2040 imagunculae
652 1978 868 2042 matronarum,
892 1975 925 2027 in
954 1971 1063 2041 quibus
1094 1992 1154 2030 una

256 2082 363 2136 sororis
378 2082 466 2134 amici
484 2082 529 2135 tui
546 2077 677 2136 hominis
692 2064 829 2149 “bruti'’
847 2082 898 2149 qui
915 2078 973 2135 hoc
990 2084 1106 2151 utatur,
1122 2088 1155 2139 et

256 2184 336 2244 lllius
346 2171 494 2257 “lepidi'’
506 2190 557 2257 qui
568 2185 644 2252 haec
655 2194 719 2243 tam
730 2187 933 2258 neglegenter
944 2185 1029 2243 ferat.
1065 2187 1154 2247 Haec

255 2300 289 2352 te
317 2293 398 2352 volui
425 2295 647 2366 παριστορῆσαι.
706 2295 815 2354 Sumus
844 2298 927 2352 enim
953 2294 1042 2353 ambo
1071 2296 1153 2356 belle

256 2405 372 2459 curiosi.

299 2509 404 2569 Unum
423 2513 516 2567 etiam
535 2510 627 2569 velim
646 2514 770 2582 cogites.
815 2511 916 2569 Audio
931 2511 1067 2583 Appium
1085 2512 1153 2585 arpi

256 2620 351 2679 πυλον
365 2617 509 2677 Eleusine
524 2617 632 2677 facere.
677 2620 760 2677 Num
774 2623 872 2692 inepti
886 2619 1042 2691 fuerimus
1058 2625 1083 2679 si
1097 2642 1151 2681 nos

255 2746 376 2798 quoque
386 2726 568 2784 Academiae
577 2727 756 2786 fecerimus?
775 2714 908 2798 “Puto‚''
919 2732 1045 2798 inquies.
1069 2729 1151 2802 Ergo

255 2833 287 2892 id
301 2837 400 2905 ipsum
414 2835 526 2892 scribes
540 2836 579 2892 ad
593 2856 651 2893 me.
696 2835 848 2908 Equidem
858 2835 947 2893 valde
958 2839 1039 2906 ipsas
1051 2837 1149 2896 Athe·

255 2961 309 3001 nas
323 2961 398 2999 amo.
444 2941 519 2999 Volo
534 2962 600 3007 esse
617 2942 740 3014 aliquod
756 2947 1005 3012 monumentum3
1026 2944 1077 3002 odi
1095 2945 1150 3003 fal-

254 3070 301 3109 sas
315 3054 526 3122 inscriptiones
546 3058 713 3114 statuarum
732 3051 906 3127 alienarum.
951 3050 1023 3123 Sed,
1038 3059 1075 3109 ut
1094 3038 1149 3113 tibi

254 3158 397 3231 placebit,
419 3157 572 3230 faciesque
592 3177 653 3230 me,
675 3163 707 3217 in
728 3176 820 3246 quem
841 3158 924 3229 diem
946 3137 1083 3218 Roman
1103 3166 1148 3219 in·

338 3278 400 3333 440
