2498 3850
446 294 616 382 Marcus
636 256 991 353 Toumus‘ocnuo

271 426 327 480 sim
342 420 497 492 spoliatus,
511 440 573 477 non
588 419 685 477 solum
699 424 770 490 quia
783 440 846 477 non
859 424 990 492 ignoras,
1004 420 1060 478 sed
1074 425 1167 479 etiam

270 537 311 574 ne
338 516 508 574 rescindam
532 521 597 587 ipse
621 516 758 574 dolorem
779 536 902 586 meum;
930 517 989 573 hoc
1013 517 1168 587 confirmo,

270 632 371 683 neque
385 617 480 670 tantis
498 613 585 670 bonis
604 632 670 669 esse
691 617 841 683 privatum
862 632 1046 683 quemquam
1066 632 1168 683 neque

271 710 304 765 in
317 716 419 766 tantas
432 712 567 765 miserias
583 707 732 791 incidisse.
777 707 853 765 Dies
871 716 975 766 autem
993 728 1056 765 non
1076 708 1168 766 modo

271 824 334 861 non
346 803 429 862 levat
443 804 560 861 luctum
574 803 667 874 hunc,
677 803 732 861 sed
746 807 840 861 etiam
852 811 954 874 auget„
979 804 1058 860 Nam
1072 809 1169 862 ceteri

193 919 196 923 ’
271 900 391 958 dolores
408 904 589 970 mitigantur
603 907 767 969 vetustate,
781 899 831 956 hic
848 919 912 956 non
930 907 1034 970 potest
1052 920 1116 958 non
1135 909 1168 957 et

271 1016 361 1054 sensu
375 1000 544 1067 praesentis
557 999 695 1052 miseriae
710 1003 744 1052 et
761 995 970 1052 recordatione
983 1000 1167 1066 praeteritae

271 1097 352 1150 vitae
367 1092 479 1149 cotidie
493 1095 606 1163 augeri
651 1090 800 1148 Desidero
815 1095 897 1148 enim
911 1110 974 1147 non
987 1110 1056 1148 mea
1070 1090 1168 1148 solum

271 1208 373 1259 neque
389 1208 483 1258 meos,
497 1187 552 1245 sed
568 1207 619 1245 me
636 1191 742 1258 ipsum.
781 1185 864 1258 Quid
882 1190 964 1244 enim
981 1188 1070 1244 sum?
1105 1186 1168 1245 Sed

187 1300 190 1303 ·
271 1304 334 1341 non
348 1283 466 1355 faciam,
477 1291 512 1341 ut
526 1291 580 1340 aut
594 1291 682 1341 tuum
696 1287 830 1339 animum
844 1302 955 1353 angam
968 1282 1101 1353 querelis
1114 1290 1170 1340 aut

272 1384 348 1437 meis
362 1379 537 1437 vulneribus
551 1383 669 1450 saepius
683 1398 790 1436 manus
804 1377 948 1435 adferam.

315 1475 405 1545 Nam,
420 1474 502 1545 quod
520 1494 631 1546 purgas
646 1494 708 1545 eoS,
722 1493 797 1544 quos
811 1493 870 1545 ego
883 1473 959 1530 mihi
973 1478 1078 1545 scripsi
1092 1479 1171 1530 invi-
1238 1496 1239 1541 ;

271 1571 362 1640 disse,
377 1574 456 1628 etin
471 1574 514 1628 cis
529 1570 686 1640 Catonem,
700 1589 759 1640 ego
773 1589 844 1626 vero
857 1577 979 1626 tantum
992 1569 1080 1627 illum
1093 1578 1172 1640 puto

272 1667 312 1724 ab
330 1670 389 1723 isto
403 1666 517 1723 scelere
531 1665 652 1736 afuisse,
666 1673 703 1723 ut
720 1669 851 1722 maxime
865 1665 986 1722 doleam
1004 1665 1073 1736 plus
1086 1666 1173 1736 apud

271 1782 322 1819 me
337 1761 560 1819 simulationem
574 1761 700 1818 aliorum
714 1780 806 1832 quam
819 1765 905 1818 istius
924 1760 1016 1819 fidem
1030 1760 1170 1819 valuisse.

274 1858 399 1915 Ceteros
410 1877 484 1928 quos
498 1877 619 1928 purgas,
630 1857 747 1918 debent
761 1856 836 1913 mihi
851 1857 970 1928 probati
984 1876 1061 1927 esse,
1071 1857 1130 1914 tibi
1145 1862 1174 1915 si

273 1961 352 2011 sunt
397 1952 458 2011 Sed
473 1952 549 2010 haec
563 1972 630 2010 sero
643 1956 768 2023 agimus

315 2053 413 2111 Crassi
435 2054 579 2111 libertum
602 2053 679 2110 nihil
701 2061 777 2124 puto
799 2057 917 2111 sincere
939 2053 1081 2110 locutum.
1134 2054 1174 2112 In

274 2158 382 2208 senatu
396 2170 461 2207 rem
476 2150 569 2221 probe
584 2150 688 2207 scribis
699 2157 806 2206 actam
844 2148 907 2207 Sed
917 2149 991 2219 quid
1002 2149 1109 2206 Curio?
1132 2171 1175 2208 an

273 2247 357 2303 illam
371 2250 539 2303 orationem
552 2265 615 2302 non
628 2244 721 2316 legit?
743 2264 820 2315 quae
834 2244 917 2302 unde
929 2249 969 2302 sit
978 2244 1105 2316 prolata,
1117 2266 1175 2304 ne·

98 2320 107 2334 ⁶
201 2330 204 2333 Δ
275 2347 344 2399 scio.
390 2341 451 2400 Sed
470 2341 566 2398 Axius
585 2341 722 2398 eiusdem
741 2340 803 2398 diei
822 2340 956 2397 scribens
975 2340 1015 2398 ad
1033 2360 1084 2398 me
1103 2350 1176 2400 acta
1238 2344 1239 2407 i

276 2455 338 2492 non
363 2439 406 2492 ita
430 2434 534 2492 laudat
559 2435 728 2492 Curionem.
773 2434 817 2490 At
845 2441 948 2505 potest
976 2432 1027 2491 ille
1056 2433 1176 2506 aliquid

275 2528 531 2596 praetermittere,
545 2531 590 2594 tu,
604 2527 662 2581 nisi
681 2522 763 2594 quod
782 2530 858 2593 erat,
872 2522 1009 2593 profecto
1023 2543 1086 2580 non
1101 2529 1178 2581 scri-
1238 2548 1239 2587 u

276 2616 370 2685 psisti
401 2611 543 2669 Varronis
557 2632 655 2669 sermo
669 2610 743 2669 facit
757 2615 1016 2682 exspectationem
1027 2611 1175 2670 Caesaris,
1238 2598 1239 2669 i

277 2701 381 2772 Atque
396 2705 513 2758 utinam
527 2705 592 2772 ipse
607 2700 701 2757 Varro
718 2700 873 2757 incumbat
890 2703 923 2756 in
941 2701 1071 2757 causam!
1091 2701 1178 2771 quod
1238 2696 1239 2699 ¹

277 2788 416 2862 profecto
431 2808 500 2845 cum
514 2809 568 2846 sua
582 2796 690 2859 sponte
704 2796 772 2846 tum
785 2796 819 2846 te
833 2793 968 2846 instante
982 2787 1083 2846 faciet.

320 2878 397 2949 Ego,
415 2881 507 2935 sime
524 2876 686 2948 aliquando
703 2880 796 2934 vestri
813 2885 846 2934 et
864 2882 980 2948 patriae
1000 2885 1179 2948 compotem

277 2965 401 3034 fortuna
425 2965 544 3037 fecerit,
569 2974 652 3023 certe
682 2966 817 3036 efficiam,
841 2973 878 3022 ut
901 2968 1032 3022 maxime
1057 2964 1180 3026 laetere

277 3075 356 3114 unus
380 3074 418 3112 ex
441 3056 580 3129 omnibus
603 3058 715 3124 amicis,
738 3073 866 3124 meaque
890 3054 985 3111 officia
1008 3061 1042 3111 et
1063 3054 1181 3127 studia,

277 3163 355 3215 quae
369 3163 475 3214 parum
493 3150 584 3200 antea
602 3142 746 3199 luxerunt
761 3129 935 3210 (fatendum
949 3149 996 3198 est
1011 3130 1119 3214 enim),
1135 3148 1183 3202 sic
1238 3216 1239 3225 ἵ

360 3246 420 3297 224

771 3376 782 3383 ..
