2526 3850
446 307 617 367 MARCUS
638 306 821 366 TULLIUS
842 306 992 366 CICERO
1041 348 1052 369 e

270 448 362 501 quam
375 431 505 500 institui,
514 427 753 500 disputationem
766 432 800 486 in
810 428 947 486 Africani
960 446 1120 498 personam
1134 435 1169 485 et

271 534 351 593 Phili
374 542 407 595 et
430 535 516 594 Laeli
538 543 572 594 et
595 535 703 593 Manili
731 535 855 594 contuli
899 534 1034 624 Adiunxi
1062 534 1167 593 adule-

270 651 390 702 scentes
400 641 438 715 Q.
446 642 649 715 Tuberonem,
660 643 691 701 P.
701 642 858 715 Rutilium,
865 642 926 701 duo
934 642 1020 701 Laeli
1027 661 1167 714 generos,

270 750 446 810 Scaevolam
460 758 493 809 et
508 752 665 809 Fannium
711 750 819 822 Itaque
834 751 1015 823 cogitabam,
1024 755 1166 822 quoniam

269 861 303 916 in
317 857 444 929 singulis
456 858 541 916 libris
555 866 626 916 utor
639 859 822 930 prohoemiis
833 866 870 917 ut
880 858 1062 917 Aristoteles
1076 861 1108 915 in
1120 862 1165 928 iis,

270 983 345 1036 quos
364 958 545 1038 ἔξωτερικοὺς
559 973 656 1036 vocat,
675 964 791 1037 aliquid
810 966 939 1036 efficere,
958 972 994 1023 ut
1016 985 1077 1023 non
1100 969 1165 1024 sine

270 1091 358 1131 causa
372 1075 465 1130 istum
481 1072 683 1144 appellarem3
705 1071 737 1131 id
757 1072 839 1143 quod
858 1071 1006 1143 intellego
1025 1073 1083 1130 tibi
1101 1072 1165 1145 pla·

269 1199 347 1239 cero.
393 1180 520 1239 Utinam
540 1180 632 1237 modo
651 1187 760 1237 conata
780 1180 898 1238 efficere
919 1180 1045 1251 possim!
1090 1179 1166 1238 Rem

270 1290 362 1357 enim,
377 1287 459 1358 quod
479 1293 512 1344 te
526 1306 588 1343 non
603 1285 693 1357 fugit,
704 1306 846 1357 magnam
861 1286 1036 1359 complexus
1050 1305 1118 1344 sum
1132 1294 1165 1345 et
1206 1318 1210 1327 =

268 1412 393 1464 gravem
407 1400 440 1450 et
454 1392 576 1464 plurimi
591 1396 655 1464 otii,
670 1413 730 1464 quo
745 1412 804 1463 ego
817 1397 948 1451 maxime
963 1412 1048 1464 egeo.

311 1515 402 1589 Quod
417 1522 449 1575 in
464 1522 500 1575 iis
514 1517 608 1588 libris,
620 1537 695 1589 quos
709 1518 823 1589 laudas,
838 1538 998 1590 personam
1011 1518 1165 1579 desideras
1251 1556 1252 1559 =

269 1622 441 1696 Scaevolae,
456 1644 518 1682 non
539 1644 607 1682 earn
626 1631 744 1682 temere
763 1625 891 1683 dimovi:
913 1625 969 1684 sed
988 1625 1063 1685 fecit
1081 1625 1164 1685 idem

268 1734 300 1790 in
314 1732 449 1804 πολιτείᾳ
463 1732 538 1791 deus
552 1731 605 1789 ille
619 1739 724 1790 noster
742 1731 835 1791 Plabo.
877 1733 953 1792 Cum
972 1738 1005 1791 in
1025 1733 1165 1792 Piraeum

268 1833 407 1895 Socrates
421 1838 555 1893 venisset
568 1833 608 1890 ad
630 1832 807 1905 Cephalum,
821 1832 1007 1906 locupletem
1027 1843 1061 1894 et
1078 1835 1164 1896 festi·
1207 1835 1212 1841 ’

268 1954 339 1995 vum
353 1955 469 2005 senem,
483 1934 583 2006 quoad
603 1938 717 2006 primus
731 1934 784 1994 ille'
803 1955 902 1994 sermo
921 1936 1062 2008 habetur,
1075 1937 1165 1997 adest

267 2040 299 2096 ln
314 2035 497 2109 disputando
517 2054 620 2106 senex,
636 2035 759 2115 deinde,
774 2055 844 2094 curn
863 2041 927 2108 ipse
947 2057 1067 2109 quoque
1081 2058 1163 2098 com-

266 2139 440 2198 modissime
454 2136 574 2195 locutus
583 2145 673 2208 esset,
684 2137 725 2195 ad
735 2157 800 2195 rem
809 2137 942 2195 divinam
953 2139 1030 2212 dicit
1039 2159 1071 2197 se
1083 2140 1163 2201 velle

266 2239 423 2301 discedere
438 2258 538 2311 neque
553 2246 658 2310 postea
672 2243 842 2297 revertitur.
888 2240 986 2298 Credo
1004 2240 1164 2301 Platonem

266 2346 317 2400 vix
329 2348 452 2414 putasse
463 2344 536 2399 satis
546 2359 712 2398 consonum
723 2339 798 2411 fore,
809 2345 835 2397 si
844 2340 1000 2400 hominem
1011 2342 1043 2400 id
1052 2349 1164 2403 aetatis

266 2447 299 2502 in
309 2451 373 2501 tam
383 2443 476 2513 longo
488 2461 626 2500 sermone
638 2441 752 2499 diutius
762 2445 946 2500 retinuisset.
991 2443 1092 2502 Multo
1104 2464 1163 2517 ego

265 2547 361 2616 magis
375 2543 434 2602 hoc
448 2542 523 2600 mihi
541 2542 709 2600 cavendum
726 2547 830 2614 putavi
845 2546 876 2599 in
894 2543 1046 2616 Scaevola,
1062 2550 1163 2617 quiet

264 2654 366 2706 aetate
381 2654 415 2705 et
428 2643 603 2702 valetudine
615 2651 681 2701 erat
695 2664 740 2714 ea,
752 2664 811 2716 qua
826 2664 896 2702 eum
908 2664 974 2703 esse
985 2651 1162 2719 meministi,

265 2756 298 2807 et
312 2751 348 2806 iis
362 2746 536 2816 honoribus
551 2752 586 2802 ut
600 2749 650 2802 vix
668 2748 740 2802 satis
758 2744 903 2803 decorum
920 2746 1076 2806 videretur
1090 2769 1162 2808 eum

264 2848 367 2921 plures
381 2847 446 2907 dies
460 2866 526 2906 esse
541 2850 573 2903 in
591 2846 688 2903 Crassi
705 2844 884 2904 Tusculano.
929 2847 972 2906 Et
988 2856 1055 2906 erat
1071 2855 1162 2922 primi

264 2949 333 3008 libri
354 2967 453 3007 sermo
473 2967 536 3005 non
556 2946 673 3004 alienus
694 2966 712 3003 a
733 2945 895 3006 Scaevolae
916 2947 1034 3021 studiis,
1051 2951 1161 3023 reliqui

263 3050 332 3110 libri
359 3046 553 3122 τεχνολογίαν
580 3047 707 3117 habent,
740 3054 776 3105 ut
813 3051 878 3106 scis.
929 3048 1012 3108 Huic
1049 3053 1160 3111 iocula-

264 3159 362 3211 torem
376 3170 481 3210 senem
495 3147 591 3219 illum,
607 3156 643 3206 ut
656 3167 754 3218 noras,
769 3147 917 3209 interesse
932 3169 1003 3208 sane
1018 3153 1111 3212 nolui.

348 3264 409 3317 814
