2498 3850
447 274 618 335 MARCUS
639 274 822 335 TULLIUS
844 274 994 333 CICERO

262 396 306 486 e't
320 397 352 454 in
367 400 509 455 conviviis
524 397 705 456 est-liberior
715 402 805 468 quam
817 395 883 454 fuit.
921 395 1051 454 Vincere
1062 398 1177 468 incipit

272 508 413 597 timorem
422 517 517 588 dolor,
526 518 580 576 sed
592 483 644 588 ita,
654 525 689 575 ut
698 522 799 574 omnia
809 521 871 576 sint
878 486 1052 588 plenissima
1061 490 1174 588 despe-

272 641 415 695 rationis(
453 638 559 711 Habet
579 642 672 696 etiam
692 638 845 709 Campana
862 637 913 694 lex
931 640 1176 694 exsecrationem

274 758 512 833 candidatorum,
528 763 552 817 si
562 762 752 816 mentionem
763 762 795 814 in
806 760 947 815 contione
958 756 1098 827 fecerint,
1111 742 1175 828 quo

273 879 363 937 aliter
384 898 458 950 ager
480 878 670 951 possideatur
692 847 785 950 atque
808 886 844 936 ut
868 897 906 937 ex
931 878 1050 949 legibus
1075 876 1173 937 Iuliis.

274 1000 345 1058 Non
368 998 511 1058 dubitant
533 1004 631 1058 iurare
655 1003 750 1058 ceteri
757 1018 765 1068 ;
789 998 962 1057 Laterensis
981 1001 1177 1056 existimatur

274 1120 357 1178 laute
373 1119 491 1191 fecisse,
506 1119 587 1190 quod
600 1120 790 1178 tribunatum
807 1119 847 1191 pl.
864 1127 970 1191 petere
985 1118 1116 1188 destitit,
1130 1137 1175 1176 ne

274 1244 395 1297 iuraret.

198 1401 199 1405 ,
261 1345 298 1409 3⁴·
317 1358 379 1418 Sed
396 1358 435 1418 de
452 1379 486 1418 re
503 1360 624 1431 publica
640 1380 703 1417 non
720 1360 798 1417 libet
814 1358 901 1431 plura
917 1359 1056 1417 scribere.
1102 1357 1175 1417 Dis-

274 1480 373 1552 pliceo
387 1479 462 1537 mihi
477 1499 535 1537 nec
549 1483 615 1538 sine
630 1500 747 1538 summo
761 1480 858 1538 scribo
869 1478 981 1539 dolore.
1020 1479 1073 1536 Me
1083 1486 1176 1537 tueor

207 1594 210 1599 ⁴
275 1609 312 1658 ut
332 1604 481 1672 oppressis
503 1600 642 1658 omnibus
662 1620 725 1658 non
747 1600 888 1670 demisse,
909 1607 944 1658 ut
965 1602 1060 1657 tantis
1081 1600 1175 1659 rebus

275 1725 370 1792 gestis
385 1741 491 1793 parum
505 1720 633 1779 fortiter.
673 1720 702 1777 A
714 1720 840 1778 Caesare
852 1720 939 1779 valde
950 1719 1117 1777 liberaliter
1127 1723 1175 1777 in-

274 1836 404 1913 'vitor'in
423 1841 609 1912 legationem
626 1841 718 1912 illam,
735 1842 791 1898 sibi
809 1848 844 1898 ut
861 1844 918 1898 sim
935 1840 1065 1911 legatuS,
1079 1847 1174 1912 atque

277 1965 370 2032 etiam
384 1962 480 2019 libera
498 1961 612 2032 legatio
631 1965 694 2018 voti
713 1981 803 2019 causa
821 1961 918 2018 datur.
964 1959 1025 2019 Sed
1044 1959 1121 2018 haec
1141 1969 1175 2020 et

277 2081 418 2153 praesidii
432 2080 514 2153 apud
530 2081 678 2152 pudorem
697 2080 846 2137 Pulchelli
863 2100 925 2138 non
942 2080 1036 2138 habet
1054 2084 1126 2139 satis
1141 2089 1176 2140 et

277 2222 295 2258 a
310 2201 410 2259 fratris
428 2201 563 2259 adventu
582 2220 632 2257 me
651 2201 784 2272 ablegat,
799 2201 850 2257 illa
868 2208 901 2258 et
918 2203 1063 2258 munitior
1080 2209 1128 2259 est
1142 2209 1176 2259 et

277 2341 340 2395 non
363 2320 502 2392 impedit,
520 2340 580 2392 quo
602 2324 702 2379 minus
725 2321 832 2392 adsim,
850 2341 919 2379 cum
938 2321 1037 2378 velim.
1083 2321 1175 2379 Hanc

272 2411 336 2512 ego
357 2448 460 2512 tene0,
480 2440 534 2498 sed
553 2460 677 2499 usurum
695 2461 745 2500 me
765 2462 827 2500 non
846 2450 931 2514 puto,
950 2461 1051 2513 neque
1070 2450 1175 2500 tamen

272 2558 336 2618 'scit
362 2564 527 2632 quisquam.
582 2561 652 2618 Non
677 2562 764 2619 lubet
789 2561 906 2633 fugere,
931 2581 1006 2620 aveo
1028 2582 1173 2634 pugnare.

273 2670 393 2756 'Magna
408 2688 480 2738 sunt
494 2680 652 2739 hominum
667 2682 774 2740 studia.
819 2682 882 2741 Sed
894 2681 972 2740 nihil
985 2669 1127 2768 adfirmo}
1141 2692 1176 2742 tu

272 2800 336 2859 hoc
350 2800 459 2859 silebis.

268 2889 308 2975 l<
321 2919 371 2980 De
395 2921 493 2980 Statio
515 2940 607 2980 manu
630 2926 721 2981 misso
744 2930 776 2980 et
799 2898 861 2980 non
884 2923 976 2981 nullis
999 2923 1064 2981 aliis
1087 2925 1177 2982 rebus

278 3034 375 3115 angor
389 3042 541 3114 equidem,
557 3042 612 3100 sed
626 3046 686 3100 iam
699 3062 819 3114 prorsus
834 3043 969 3101 occallui.
1005 3042 1052 3101 Tu
1067 3044 1177 3104 vellem

366 3210 423 3273 162
