2498 3850
449 317 619 377 MARCUS
640 316 823 377 TULLIUS
845 317 995 377 CICERO

273 461 324 510 tur
338 470 395 509 res.
440 451 536 510 Simul
551 459 585 509 et
599 451 673 523 quid
687 456 746 510 erit
760 456 846 523 certi,
861 453 990 510 scribam
1003 450 1043 508 ad
1057 457 1098 508 te.
1140 452 1172 510 Si
1238 444 1239 461 ²

274 565 333 618 erit
353 559 561 631 pugnandum,
576 534 726 618 arcessam
743 560 783 618 ad
802 563 979 618 societatem
997 558 1127 629 laboris;
1148 565 1172 618 si

274 673 360 740 quies
374 667 505 740 dabitur,
519 669 558 726 ab
573 668 737 726 Amalthea
750 676 784 728 te
798 688 861 726 non
875 669 1079 727 commovebo.

317 776 366 833 De
380 795 413 833 re
427 776 548 849 publica
566 778 700 835 breviter
719 776 758 834 ad
778 785 812 834 te
831 778 978 845 scribam3
999 780 1059 832 iam
1081 781 1172 847 enim,

275 884 380 943 charta
394 888 459 956 ipsa
473 904 512 942 ne
527 904 582 942 nos
596 884 714 956 prodat,
729 888 919 956 pertimesco.
965 883 1073 955 Itaque
1091 892 1172 956 post-

275 992 342 1063 hac,
356 996 382 1050 si
396 1000 487 1050 erunt
500 992 576 1050 mihi
594 992 681 1064 plura
694 992 734 1050 ad
747 1001 780 1050 te
795 992 962 1063 scribenda,
978 990 1175 1063 ἀλληγορίαις

276 1101 448 1158 obscurabo.
472 1101 563 1159 Nunc
577 1100 702 1172 quidem
715 1120 794 1158 novo
808 1100 939 1172 quodam
953 1101 1058 1157 morbo
1069 1105 1174 1158 civitas
1238 1120 1239 1139 ¹

276 1213 413 1280 moritur,
423 1216 470 1279 ut,
481 1228 551 1266 cum
561 1228 666 1266 omues
678 1228 723 1280 ea,
733 1229 810 1281 quae
822 1216 894 1266 sunt
903 1215 981 1279 acta,
991 1209 1173 1280 improbent,

277 1324 453 1389 querantur,
464 1316 599 1387 doleant,
609 1320 737 1374 varietas
751 1317 835 1374 nulla
848 1321 881 1373 in
895 1336 929 1374 re
944 1321 994 1387 sit,
1007 1323 1174 1388 aperteque

278 1424 441 1494 loquantur
452 1432 485 1482 et
498 1429 559 1481 iam
573 1424 652 1481 clare
666 1432 803 1496 gemant,
814 1433 919 1483 tamen
928 1425 1080 1482 medicina
1090 1424 1175 1482 nulla

278 1530 440 1589 adferatur.
465 1532 574 1603 Neque
586 1537 668 1589 enim
679 1537 778 1590 resisti
789 1537 854 1590 sine
865 1537 1074 1590 internecione
1086 1552 1174 1604 posse

278 1641 458 1698 arbitramur
480 1658 538 1697 nec
560 1640 707 1710 videmus,
730 1645 782 1712 qui
807 1640 874 1698 finis
899 1640 1030 1699 cedendi
1053 1647 1176 1711 praeter

279 1752 407 1805 exitium
425 1747 545 1806 futurus
559 1752 606 1805 sit.
650 1748 776 1806 Bibulus
797 1749 955 1806 hominum
975 1748 1176 1806 admiratione

279 1864 313 1914 et
326 1855 540 1914 benevolentia
553 1860 586 1912 in
597 1856 681 1913 caelo
696 1864 762 1926 est;
784 1856 885 1914 edicta
895 1861 960 1914 eius
971 1864 1004 1914 et
1018 1860 1177 1915 contiones
1238 1852 1239 1857 '

280 1963 457 2021 describunt
471 1970 504 2021 et
517 1963 634 2035 legunt.
673 1965 760 2022 Novo
774 1963 906 2036 quodam
918 1983 1033 2035 genere
1047 1967 1081 2020 in
1094 1984 1177 2023 sum·

280 2092 360 2128 mam
382 2071 510 2143 gloriam
532 2076 623 2129 venit.
670 2072 817 2144 Populare
838 2092 921 2130 nunc
942 2071 1018 2129 nihil
1041 2079 1106 2129 tam
1129 2081 1178 2131 est

279 2198 371 2251 quam
390 2180 493 2237 odium
512 2180 709 2251 popularium.
756 2181 843 2237 Haec
862 2201 922 2252 quo
941 2185 1003 2237 sint
1021 2188 1178 2252 eruptura,
1238 2250 1239 2261 χ

279 2292 392 2357 timeo;
414 2287 479 2359 sed,
494 2293 518 2346 si
533 2287 681 2359 dispicere
696 2288 770 2360 quid
789 2308 927 2360 coepero,
942 2288 1070 2346 scribam
1084 2288 1125 2345 ad
1143 2296 1177 2346 te
1238 2302 1239 2351 l

279 2399 421 2467 apertius.
459 2395 516 2466 Tu,
531 2400 556 2453 si
570 2415 620 2454 me
634 2417 716 2454 amas
730 2404 861 2467 tantum,
876 2404 1024 2468 quantum
1038 2395 1179 2468 profecto

279 2523 372 2574 amas,
381 2503 542 2575 expeditus
552 2504 645 2563 facito
655 2513 692 2563 ut
702 2510 752 2577 sis,
761 2509 786 2563 si
796 2505 968 2575 inclamaro,
977 2512 1013 2562 ut
1023 2524 1179 2574 accurras;

280 2611 334 2670 sed
353 2611 393 2669 do
412 2631 535 2683 operam
554 2620 587 2670 et
606 2612 694 2684 dabo,
709 2632 749 2670 ne
765 2618 805 2671 sit
821 2594 953 2670 necesse.
999 2611 1091 2684 Quod
1105 2617 1179 2671 scri·

279 2732 399 2785 pseram
409 2732 459 2770 me
468 2715 525 2771 tibi
536 2704 591 2771 ut¹
604 2715 693 2773 Furio
704 2719 895 2787 scripturum,
905 2712 980 2771 nihil
992 2734 1117 2772 neeesse
1129 2720 1179 2773 est
1238 2710 1239 2713 ’

279 2823 367 2873 tuum
380 2834 493 2872 nomen
503 2822 621 2873 mutare
633 2835 640 2884 3
661 2836 711 2873 me
726 2815 834 2873 faciam
849 2815 987 2873 Laelium
1002 2823 1035 2872 et
1049 2823 1081 2873 te
1092 2811 1179 2873 Atti·

279 2935 348 2973 cum
371 2934 471 2987 neque
497 2924 566 2974 utar
587 2935 656 2973 meo
680 2916 879 2987 chirographo
907 2935 1008 2986 neque
1031 2920 1129 2988 signo,
1154 2920 1181 2974 si

277 3016 368 3075 modo
383 3025 474 3075 erunt
488 3021 553 3076 eius
566 3017 649 3075 modi
668 3017 800 3089 litterae,
814 3036 888 3089 quas
902 3021 935 3073 in
949 3016 1083 3074 alienum
1101 3021 1181 3075 inci-

277 3118 351 3177 dere
366 3108 467 3176 nolim.

506 3188 568 3239 ¹me
579 3189 628 3239 tibi
640 3196 669 3238 ut
688 3190 859 3254 Wesenberg:
876 3195 902 3238 et
914 3189 955 3239 M.

364 3272 422 3330 172
