2498 3850
42 767 101 829 Sor.
118 771 147 830 in

42 850 138 914 itinere
151 854 214 914 dre.

43 936 117 998 Non.
133 939 204 1011 Apr.

42 1041 68 1078 a.
86 1023 148 1081 696

42 1832 101 1891 Sor.
118 1831 147 1888 in

43 1916 139 1974 itinere
152 1914 224 1971 inter

47 1999 178 2060 Vibonem
192 2004 232 2079 et»

44 2080 225 2144 Brundisium

45 2168 89 2227 Id.
106 2166 177 2238 Apr.
194 2185 220 2223 a.

45 2252 107 2313 696

429 279 599 339 nnncus
620 268 803 357 Turnus
824 281 974 357 cronno

678 581 726 641 III

552 697 657 735 crcrao
671 674 777 736 nr‘rrco
791 698 849 736 ann

246 756 423 867 JUtinam
436 772 523 831 illum
537 772 619 832 diem
634 768 764 845 videam,
777 780 848 832 'cum
861 775 919 832 tibi
929 795 1018 848 agam
1027 779 1152 847 gratias,
1225 756 1229 767 ⁴

253 856 335 938 quod
356 888 407 925 me
429 871 530 926 vivere
553 870 697 941 coegisti!
727 869 827 927 adhuc
850 869 974 941 quidem
993 869 1081 928 valde
1101 891 1156 934 me,
1212 923 1217 931 .

253 967 400 1034 paenitet:
433 964 607 1037 Sedteoro,
616 973 652 1023 ut
660 964 699 1024 ad
707 986 757 1023 me
767 966 917 1037 Vlbonem
926 970 1030 1025 statim
1038 971 1153 1037 venias,

254 1079 314 1131 quo
332 1080 390 1131 ego
406 1060 510 1119 multis
528 1061 567 1119 de
585 1065 680 1120 causis
698 1066 834 1120 converti
851 1066 910 1120 iter
923 1082 1033 1121 meum.
1079 1062 1153 1133 Sed,
1182 1054 1205 1124 ’,
1229 1118 1231 1124 1

254 1175 292 1214 eo
309 1160 334 1214 si
351 1161 480 1228 veneris,
497 1156 537 1215 de
554 1165 621 1215 toto
632 1162 748 1229 ¹itinere
765 1178 800 1215 ac
817 1157 891 1231 fuga
907 1178 977 1216 mea
993 1158 1154 1216 consilium
1218 1179 1225 1195 ⁴

254 1270 363 1323 capere
377 1260 492 1324 potero.
536 1254 569 1312 Si
583 1253 615 1310 id
629 1274 691 1311 non
706 1253 824 1325 feceris,
841 1254 986 1323 mirabor;
1008 1254 1064 1312 sed
1080 1238 1178 1312 con-⁴

254 1347 314 1404 fido
328 1355 441 1406 te'esse
457 1348 615 1406 facturum.
708 1415 711 1419 ,
1053 1350 1056 1355 ’
1214 1350 1218 1357 “

684 1636 728 1694 IV

555 1752 659 1790 clcrno
672 1751 779 1790 nrnco
793 1752 852 1790 sni.

296 1829 437 1886 Miseriae
456 1836 576 1886 nostrae
596 1829 805 1901 potiusvelim
822 1848 913 1900 quam
931 1833 1154 1887 inconstantiae

254 1924 378 1996 tribuas,
396 1925 478 1996 quod
494 1945 513 1981 a
530 1924 658 1995 Vibone,
675 1944 736 1995 quo
753 1933 786 1982 te
803 1926 1036 2003 arcessebamus,
1053 1925 1156 1983 subito

255 2020 451 2079 discessimus.
491 2020 593 2078 Allata
602 2028 649 2078 est
658 2024 740 2078 enim
750 2020 836 2078 nobis
845 2025 962 2092 rogatio
971 2020 1010 2079 de
1019 2025 1155 2098 pernicie

256 2136 338 2184 mea;
364 2121 396 2174 in
415 2137 475 2189 qua
493 2116 575 2188 quod
595 2124 763 2174 correctum
783 2136 848 2174 esse
868 2112 1160 2187 audieramuserat

257 2213 433 2284 eiusmodi,
452 2211 579 2270 utmihi
601 2212 679 2270 ultra
701 2212 924 2285 quadringenta
944 2212 1027 2270 milia
1047 2212 1157 2271 liceret
1235 2260 1237 2269 .

206 2346 211 2351 ·
257 2329 333 2381 esse,
351 2308 404 2366 illo
417 2312 576 2380 pervenire
591 2328 653 2365 non
667 2307 781 2365 liceret
826 2307 937 2366 Statim
951 2307 1156 2366 iter'Brundi-

257 2410 335 2466 sium
349 2424 451 2463 versus
466 2404 581 2462 contuli
595 2411 667 2461 ante
682 2402 764 2461 diem
778 2396 952 2475 rogationis,
963 2422 1003 2461 ne
1014 2410 1048 2460 et
1059 2403 1156 2474 Sicca,

257 2500 338 2574 apud
355 2520 447 2572 quem
465 2520 557 2571 eram,
574 2503 698 2572 periret,
716 2506 749 2557 et
766 2498 847 2570 quod
866 2498 993 2556 Melitae
1011 2518 1155 2557 essenon

255 2588 376 2655 licebat.
421 2596 511 2654 Nunc
522 2603 556 2653 tu
568 2614 705 2667 propera,
716 2602 752 2652 ut
763 2615 817 2653 nos
826 2613 1021 2666 consequare,
1031 2598 1056 2652 si
1064 2596 1157 2653 modo

256 2697 444 2765 recipiemur.
498 2690 608 2749 Adhuc
633 2694 796 2748 invitamur
818 2691 962 2762 benigne,
985 2688 1050 2762 sed,
1074 2692 1157 2762 quod

256 2796 405 2861 superest,
419 2792 569 2847 timemus.
615 2786 678 2858 Me,
692 2790 735 2843 mi
751 2786 906 2858 Pomponi,
918 2784 1005 2844 valde
1017 2791 1157 2858 paenitet

257 2889 357 2944 vivere
368 2904 376 2954 ;
397 2904 457 2956 qua
468 2888 499 2941 in
510 2903 543 2941 re
554 2882 635 2954 apud
645 2902 695 2940 me
706 2890 741 2940 tu
752 2882 916 2954 plurimum
926 2881 1054 2940 valuisti.
1094 2883 1157 2943 Sed

256 2980 332 3040 haec
346 3000 454 3039 coram.
472 2979 531 3037 Fac
545 2978 646 3049 m'od0,
660 2985 696 3036 ut
710 2982 820 3035 venias,

344 3239 401 3299 198
