2494 3854
449 309 619 370 MARCUS
641 309 823 370 TULLIUS
845 310 1003 371 CICERO.

275 430 352 492 tiles.
398 433 475 491 Inde
495 452 550 490 nos
569 439 691 503 oportet
710 431 860 491 decedere
874 452 900 489 a.
917 432 945 490 d.
963 451 996 489 ιιι
1017 432 1170 493 Kalendas.

275 536 414 595 Sextiles.
460 535 594 593 Primum
608 534 792 592 contendam
806 525 825 591 a
839 533 956 606 Quinto
970 523 1074 606 fratre,
1088 544 1123 595 ut
1136 557 1166 595 se

193 710 201 725 .
275 640 396 712 praefici
409 644 552 711 patiatur,
567 638 649 709 quod
664 645 697 697 et
717 637 778 695 illo·
793 644 827 696 et
845 658 895 701 me
914 636 1094 697 invitissimo
1107 639 1164 698 fiet

276 743 337 802 Sed
351 743 440 800 aliter
453 742 582 799 honeste
601 740 665 799 fieri
685 759 748 814 non
770 747 883 811 potest,
903 745 1082 812 praesertim
1101 761 1166 798 cum

275 850 372 901 vlrum
381 848 540 916 optimum,
551 841 756 914 Pomptinum,
764 861 804 899 ne
814 836 895 899 nune
904 841 1029 912 quidem
1037 846 1167 900 retinere
1236 912 1237 921 ἵ

276 950 394 1017 possim.
441 946 541 1016 Rapit
555 948 638 1002 enim
660 943 816 1001 hominem
840 942 1016 1019 Postumius
1036 939 1167 1008 Romam,

271 1031 402 1116 ¹fortasse
417 1053 510 1106 etiam
526 1047 686 1105 Postumia.
755 1084 764 1093 -

237 1209 238 1212 ,
318 1150 424 1208 Habes
446 1148 570 1205 consilia
591 1154 709 1216 nostra3
731 1166 813 1207 nunc
835 1166 983 1217 cognosce
1004 1146 1045 1207 de
1067 1147 1169 1206 Bruto.
1231 1184 1232 1203 2

277 1251 450 1309 Familiares
464 1250 559 1308 habet
574 1250 685 1307 Brutus
700 1255 771 1307 tuus
785 1249 932 1320 quosdam
943 1249 1108 1308 creditores
1117 1249 1172 1309 Sa·

276 1354 467 1411 laminiorum
482 1372 519 1410 ex
535 1351 644 1423 Cypro,
660 1350 702 1409 M.
719 1351 875 1422 Scaptium
893 1357 927 1409 et
945 1350 975 1409 P.
993 1351 1174 1421 Matinium3

276 1475 350 1526 quos
365 1454 440 1512 mihi
455 1458 599 1527 maiorem
613 1458 645 1510 in
662 1453 787 1510 modum
804 1453 1036 1511 commendavit.
1082 1454 1174 1515 Mati-

276 1561 361 1617 nium
386 1576 448 1613 non
473 1559 551 1612 novi.
596 1554 735 1626 Scaptius
760 1555 799 1613 ad
824 1575 874 1613 me
899 1558 931 1613 in
956 1564 1054 1614 castra
1078 1562 1172 1617 venit.

278 1657 433 1717 Pollicitus
448 1677 514 1714 sum
529 1663 704 1717 curaturum
717 1676 767 1714 me
783 1656 870 1717 Bruti
884 1677 982 1728 causa,
997 1664 1033 1716 ut
1047 1662 1076 1715 ei
1091 1658 1175 1717 Sala-

276 1763 362 1816 minii
376 1762 537 1830 pecuniam
551 1757 712 1815 solverent.
751 1757 824 1829 Egit
837 1763 957 1828 gratias.
999 1758 1175 1840 lffrfflfectu-
1229 1810 1230 1839 .

275 1881 339 1918 ram
360 1864 478 1932 petivit.
522 1861 640 1931 Negavi
665 1880 715 1917 me
741 1864 880 1931 cuiquam
905 1864 1076 1931 negotianti
1101 1862 1176 1921 dare
1230 1878 1231 1883 ’

276 1951 372 2035 (quod
391 1963 473 2021 idem
493 1963 550 2020 tibi
569 1962 771 2020 ostenderam.
816 1963 869 2020 Cn.
890 1963 1034 2037 Pompeio
1053 1970 1177 2036 petenti

276 2066 434 2137 probaram
448 2069 624 2124 institutum
637 2084 750 2135 meum,
765 2065 839 2135 quid
854 2063 952 2125 dicam
966 2064 1121 2136 Torquato
1136 2068 1177 2125 de

277 2169 319 2226 M.
342 2168 457 2226 Laenio
475 2175 539 2238 tuo,
558 2167 663 2225 multis
682 2154 797 2236 aliist);
821 2171 868 2226 sin
887 2166 1060 2239 praefectus
1079 2167 1179 2227 vellet

277 2291 342 2329 esse
358 2270 548 2342 syngraphae
570 2289 668 2339 causa,
690 2288 740 2326 me
762 2276 946 2340 curaturum,
963 2276 1004 2327 ut
1024 2274 1176 2340 exigeret.

277 2372 397 2430 Gratias
412 2375 486 2441 egit,
499 2369 644 2427 discessit.
683 2369 800 2441 Appius
812 2377 916 2427 noster
930 2378 1044 2429 turmas
1057 2370 1181 2443 aliquot

277 2477 414 2543 equitum
436 2471 564 2530 dederat
584 2470 655 2528 huic
678 2471 810 2543 Scaptio,
825 2491 880 2543 per
901 2492 974 2542 quas
996 2472 1180 2532 Salaminios

276 2582 440 2646 coerceret,
458 2582 491 2632 et
508 2573 641 2631 eundem
660 2572 809 2631 habuerat
825 2573 1030 2645 praefectum
1045 2577 1181 2634 vexabat

276 2676 461 2734 Salaminios.
511 2674 577 2745 Ego
597 2679 718 2745 equites
740 2694 777 2732 ex
800 2674 899 2746 Cypro
920 2675 1070 2734 decedere
1093 2681 1179 2735 iussi.

277 2777 408 2834 Moleste
433 2777 505 2834 tulit
530 2775 676 2847 Scaptius.
727 2774 810 2847 Quid
836 2776 949 2834 multa?
972 2785 1007 2836 ut
1030 2760 1060 2835 ei
1082 2779 1181 2837 fidem
1236 2802 1237 2879 ι

275 2894 375 2931 meam
403 2879 598 2944 praestarem,
627 2891 696 2928 cum
725 2871 764 2930 ad
792 2892 842 2930 me
868 2872 1022 2933 Salaminii
1046 2873 1182 2933 Tarsum

275 2974 431 3027 venissent
450 2973 532 3027 etin
551 2972 587 3025 iis
609 2967 757 3039 Scaptius
779 2972 934 3040 imperavi,
956 2977 992 3028 ut
1012 2976 1183 3044 pecuniam

275 3063 436 3123 solverent.
482 3063 582 3122 Multa
600 3064 640 3121 de
660 3062 841 3135 syngrapha,
861 3064 900 3122 de
922 3065 1026 3138 Scapti
1046 3070 1182 3129 iniuriis.

277 3162 395 3233 Negavi
415 3180 466 3218 me
486 3159 608 3229 audire;
629 3159 767 3217 hortatus
789 3179 865 3229 sum,
887 3166 982 3232 petivi
1004 3167 1112 3221 etiam.
1124 3183 1185 3237 pro

360 3255 420 3316 406
687 3272 690 3276 ’
