2480 3862
447 278 618 339 MARCUS
639 278 822 339 TULLIUS
844 278 995 338 CICERO

315 400 363 458 De
389 400 570 458 raudusculo
597 400 765 458 Puteolano
788 407 918 471 gratum.
963 400 1056 459 Nunc
1080 401 1171 460 velim

273 508 412 580 dispicias
426 528 474 566 res
490 509 648 579 Romanas,
659 508 772 579 videas,
783 508 857 580 quid
868 509 955 566 nobis
965 507 1005 566 de
1016 509 1172 581 triumpho

274 615 470 687 cogitandum
481 624 582 687 putes,
596 616 636 674 ad
650 636 742 688 quem
756 619 845 673 amici
861 636 912 674 me
930 623 1048 674 vocant.
1095 616 1171 688 Ego,

274 728 332 781 nisi
347 724 482 795 Bibulus,
496 729 558 795 qui,
574 724 648 782 dum
665 744 743 782 unus
761 724 858 782 hostis
877 729 909 781 in
928 724 1015 796 Syria
1033 724 1105 795 fuit,
1120 744 1170 796 pe-

273 831 345 889 dem
362 839 450 903 porta
466 853 528 889 non
545 832 614 903 plus
635 831 747 890 extulit
768 852 858 903 quam
880 819 973 890 domil
995 831 1088 889 domo
1110 852 1171 902 sua,

274 939 465 997 adniteretur
479 939 518 997 de
533 940 697 1012 triumpho,
709 960 807 1011 aequo
821 944 922 997 animo
936 959 1042 997 essem.
1081 941 1172 997 Nunc

274 1067 345 1104 vero
369 1045 493 1119 αἰσχρὸν
514 1048 636 1106 σιωπᾶν.
681 1047 742 1106 Sed
765 1048 888 1119 explora
910 1067 976 1105 rem
998 1055 1108 1119 totam,
1129 1056 1176 1119 ιη,ι

274 1154 398 1226 quodie
414 1160 566 1226 congressi
582 1160 703 1226 erimus,
718 1156 876 1213 consilium
891 1174 999 1226 capere
1013 1160 1171 1227 possimus.

317 1263 370 1322 Sat
384 1263 490 1335 multa,
506 1268 558 1335 qui
573 1272 605 1321 et
619 1284 812 1335 properarem
827 1271 861 1321 et
877 1268 906 1321 ei
923 1263 1042 1322 litteras
1057 1263 1173 1335 darem,

274 1376 326 1442 qui
341 1379 394 1429 aut
408 1391 528 1429 mecum
538 1380 592 1429 aut
602 1372 692 1442 paulo
703 1380 776 1431 ante
787 1380 932 1430 venturus
944 1380 1032 1430 esset.
1069 1372 1175 1430 Cicero

274 1480 331 1537 tibi
345 1479 506 1550 plurimam
521 1480 651 1538 salutem
665 1478 748 1537 dicit.
788 1480 835 1537 Tu
849 1480 932 1538 dices
946 1484 1106 1551 utriusque
1121 1501 1175 1538 no-

275 1594 370 1644 strum
386 1588 485 1645 verbis
500 1595 533 1644 et
548 1587 642 1646 Piliae
656 1594 728 1645 tuae
744 1595 777 1645 et
791 1586 878 1645 filiae.

702 1863 747 1921 IX

566 1980 670 2018 ercurio
692 1979 798 2018 arrrco
820 1979 878 2017 sir..

64 2076 123 2134 Ser,
141 2076 256 2134 Athenis
319 2067 355 2125 In
372 2067 495 2126 Piraeea
506 2089 575 2126 cum
587 2073 716 2126 exissem
727 2069 825 2140 pridie
838 2067 910 2125 Idus
922 2068 1045 2127 Octobr.
1049 2113 1058 2139 ,
1069 2075 1176 2142 accepi

65 2160 179 2314 {awl-
196 2181 221 2218 a·
276 2177 314 2256 ab
338 2175 460 2247 Acasto,
484 2197 570 2234 servo
594 2197 673 2247 meo,
697 2181 801 2234 statim
825 2184 893 2260 tuas
917 2176 1043 2234 litteras.
1092 2177 1177 2250 Quas

276 2285 400 2357 quidem
420 2305 490 2342 cum
509 2293 732 2356 exspectassem
752 2288 812 2342 iam
831 2284 894 2355 diu,
911 2283 1077 2342 admiratus
1098 2306 1176 2356 sum,

275 2401 311 2451 ut
335 2393 397 2450 vidi
422 2393 612 2464 obsignatam
637 2392 809 2464 epistulam,
832 2392 1014 2450 brevitatem
1039 2397 1118 2464 eius,
1143 2403 1178 2453 ut
1226 2412 1228 2419 ⁴

274 2506 388 2573 aperui,
403 2521 503 2559 rursus
518 2500 667 2573 σίνγχτκτιν
680 2500 892 2571 litterularum,
904 2505 974 2571 quia
988 2499 1090 2559 solent
1105 2510 1178 2561 tuae

275 2614 542 2682 compositissimae
568 2618 601 2667 et
626 2610 807 2667 clarissimae
833 2628 908 2679 esse,
932 2628 977 2679 ac,
1000 2628 1040 2666 ne
1066 2612 1178 2682 multa,
1227 2650 1228 2677 t

276 2724 403 2789 cognovi
418 2738 455 2776 ex
471 2739 517 2787 eo,
529 2719 611 2789 quod
625 2723 668 2775 ita
681 2722 851 2788 scripseras
865 2724 898 2775 te
915 2717 1040 2773 Romam
1055 2724 1179 2777 venisse

276 2847 300 2883 a.
315 2827 343 2883 d.
361 2845 402 2883 x11
419 2827 484 2883 Kal.
502 2827 570 2885 Oct.
588 2846 656 2883 cum
671 2825 756 2898 febri.
803 2824 963 2882 Percussus
974 2823 1180 2885 vehementer
1227 2852 1228 2895 l

277 2955 334 2993 nec
357 2940 462 3007 magis,
486 2955 576 3006 quam
599 2933 702 3004 debui,
726 2937 829 2991 statim
851 2951 963 3003 quaero
988 2952 1025 2989 ex
1051 2933 1177 2993 Acasto.

278 3044 334 3102 Ille
360 3053 393 3102 et
417 3045 475 3102 tibi
500 3052 534 3102 et
558 3043 614 3101 sibi
637 3047 734 3100 visum
759 3049 792 3099 et
816 3045 859 3098 ita
884 3060 919 3114 se
940 3040 1022 3099 domi
1048 3061 1090 3099 ex
1116 3049 1179 3102 tuis
1227 3062 1228 3071 ¹

441 3141 446 3169 ¹
459 3141 531 3190 domi
545 3140 569 3188 is
579 3139 668 3187 added
677 3139 708 3202 by
723 3140 746 3186 T
738 3138 825 3202 yrrell
834 3137 893 3185 and
901 3136 1006 3185 Purser.

360 3235 419 3292 478
