2484 3854
434 304 603 363 MARCUS
625 301 807 362 TULLIUS
829 298 979 360 CICERO

212 441 216 450 “
260 436 403 501 expertus
432 447 498 485 sum
526 446 617 498 quam
646 432 749 482 essent
777 427 888 493 inania,
917 442 986 479 cum
1015 422 1158 480 omnibus

262 527 357 583 Musis
371 527 520 580 rationem
535 522 648 579 habere
663 525 771 590 cogito.
816 519 862 576 Tu
877 526 982 576 tamen
996 517 1035 575 de
1051 516 1158 575 Curtio

260 620 366 677 adme
384 618 515 676 rescribe
532 621 656 686 certius,
675 623 708 673 et
725 635 806 672 nunc
828 618 894 685 quis
916 617 948 670 in
970 617 1034 670 eius
1056 612 1159 670 locum

261 722 394 787 paretur,
409 721 442 771 et
456 713 529 784 quid
544 711 583 769 de
601 712 630 768 P.
648 711 754 768 Clodio
768 710 830 780 fiat,
843 717 875 766 et
889 713 999 778 omnia,
1011 727 1103 779 quem
1118 707 1159 765 ad

261 810 385 868 modum
399 809 559 881 polliceris,
570 805 615 864 ἐπὶ
629 807 745 878 σχολῆς
756 806 863 876 scribe,
875 812 917 876 et,
929 824 989 876 quo
1000 803 1050 862 die
1064 803 1161 861 Roma

262 914 295 964 te
310 909 462 964 exiturum
476 911 576 975 putes,
591 902 682 960 velim
696 902 735 959 ad
749 921 799 959 me
813 901 934 971 scribas,
946 907 981 957 ut
996 903 1160 957 certiorem

262 1010 295 1060 te
309 1001 427 1071 faciam,
442 1000 550 1071 quibus
564 1003 597 1055 in
617 998 691 1056 locis
712 997 831 1055 futurus
853 1001 920 1067 sim,
934 995 1160 1068 epistulamque

262 1101 366 1156 statim
391 1096 445 1154 des
470 1095 510 1154 de
535 1099 571 1152 iis
596 1095 696 1164 rebus,
721 1092 761 1151 de
787 1093 896 1164 quibus
920 1092 959 1149 ad
983 1100 1017 1150 te
1042 1095 1157 1162 scripsi.

262 1193 360 1251 Valde
375 1196 456 1250 enim
472 1198 615 1262 exspecto
630 1198 697 1247 tuas
711 1188 837 1247 litteras.

691 1524 733 1582 Vl

556 1641 659 1678 cronno
681 1640 788 1678 mrco
809 1640 867 1677 ssu.

54 1719 112 1776 Sor.
130 1716 199 1775 Anti
215 1737 250 1773 m.
308 1718 399 1791 Quod
412 1720 469 1776 tibi
484 1719 686 1789 superioribus
700 1717 811 1774 litteris
826 1720 1031 1788 promiseram,
1046 1715 1111 1773 fore
1128 1724 1164 1775 ut
1231 1738 1232 1745 ¹

55 1801 125 1873 APT·
140 1822 165 1859 a·
181 1799 244 1858 695
266 1834 341 1886 opus
356 1821 490 1872 exstaret
504 1813 593 1870 huius
607 1816 869 1884 peregrinationis,
885 1811 961 1868 nihil
976 1815 1035 1869 iam
1049 1831 1164 1882 magno
1231 1794 1232 1807 ἵ

267 1930 358 1982 opere
376 1909 535 1976 confirm03
557 1913 599 1965 sic
617 1913 700 1966 enim
719 1928 786 1966 sum
808 1907 983 1978 complexus
1002 1911 1109 1977 otium,
1127 1915 1165 1966 ut

266 2007 356 2064 abeo
371 2004 474 2063 divelli
489 2023 551 2061 non
568 2023 685 2075 queam.
731 2003 839 2074 Itaque
856 2011 910 2061 aut
932 2002 1016 2061 libris
1037 2022 1088 2061 me
1109 2004 1164 2061 de-

267 2102 358 2173 lecto,
368 2121 495 2172 quorum
506 2099 604 2157 habeo
616 2100 692 2157 Anti
704 2099 843 2157 festivam
855 2103 970 2170 copiam
972 2144 981 2170 ,
991 2106 1044 2156 aut
1054 2098 1165 2157 fluctus

250 2180 255 2187 ⁸
268 2217 395 2255 numero
409 2184 493 2265 (nam
508 2195 547 2253 ad
561 2196 689 2276 lacertas
704 2194 867 2267 captandas
884 2202 1085 2267 tempestates
1102 2214 1165 2252 non

268 2301 340 2352 sunt
357 2280 509 2360 idoneae);
527 2312 545 2348 a
562 2291 722 2349 scribendo
739 2310 859 2362 prorsus
876 2291 1019 2348 abhorret
1035 2294 1163 2349 animus.

270 2389 394 2446 Etenim
403 2385 595 2458 γεωγραφικᾶ,
609 2407 686 2458 quae
698 2391 923 2456 constitueram,
934 2405 1080 2457 magnum
1091 2406 1167 2459 opus

270 2491 325 2542 est.
361 2481 409 2541 lta
419 2482 507 2541 valde
519 2483 746 2553 Eratosthenes,
755 2502 847 2554 quem
857 2482 932 2539 mihi
941 2502 1166 2554 proposueram,

269 2599 288 2636 a
305 2579 469 2650 Serapione
486 2587 520 2636 et
538 2580 577 2635 ab
598 2578 775 2650 Hipparcho
794 2577 1036 2650 reprehenditur.
1082 2576 1167 2649 Quid

271 2694 386 2745 censes,
401 2679 425 2732 si
441 2674 593 2746 Tyrannio
606 2675 786 2732 accesserit?
829 2674 870 2732 Et
887 2673 1010 2733 hercule
1028 2681 1101 2731 sunt
1117 2694 1167 2732 res

270 2770 406 2829 difficiles
420 2771 458 2827 ad
474 2769 687 2842 explicandum
701 2777 734 2828 et
749 2768 880 2840 ὁμοειδεῖς
894 2777 1026 2828 nectam
1040 2777 1169 2841 possunt
1230 2816 1231 2831 ÷

272 2865 569 2938 ἄνθηρογραφεῖσθαι,
587 2886 679 2937 quam
696 2864 886 2936 videbantur,
905 2873 946 2936 et,
970 2865 1052 2936 quod
1075 2873 1169 2937 caput
1230 2846 1231 2889 3

272 2970 329 3032 est,
344 2962 419 3019 mihi
440 2965 563 3032 quaevis
581 2965 652 3018 satis
670 2964 750 3018 iusta
771 2979 859 3017 causa
880 2959 1018 3018 cessandi
1039 2967 1096 3031 est,
1115 2966 1168 3033 qui
1230 2970 1231 3007 ἰ

272 3062 366 3116 etiam
379 3057 528 3127 dubitem,
543 3077 583 3113 an
597 3056 647 3113 hic
662 3056 738 3114 Anti
753 3055 906 3115 considam
921 3063 953 3114 et
971 3054 1028 3113 hoc
1046 3063 1169 3128 tempus

272 3172 363 3211 omne
377 3171 561 3223 consumam,
572 3152 626 3215 ubi
636 3151 760 3222 quidem
772 3171 829 3222 ego
840 3151 962 3212 mallem
974 3151 1169 3212 duumvirum

359 3255 417 3306 124
